2716 5152
634 375 712 452 tte

206 676 208 681 .
246 625 446 710 Priusquam
458 621 647 696 triverunt,
672 617 762 684 oenli
779 632 817 685 nt
828 619 1033 706 examinent,
1059 625 1156 697 feeit:

184 746 237 808 30.
248 740 292 805 Εἰ
304 738 456 805 homines
468 757 588 802 ooenan
602 734 673 800 eibi
685 724 836 824 eoqnint.
871 737 956 805 Cum
973 741 1159 826 condiunt,

246 853 324 923 Non
346 854 568 919 condimentis
592 851 775 932 condiunt,
801 852 863 918 ned
886 855 1081 943 strigibus,

249 971 355 1039 Vivis
380 970 533 1036 convivio
556 969 721 1034 intestine
745 990 829 1056 qnne
853 970 1007 1037 exedint.

246 1086 390 1152 Hoobie
404 1083 1162 1173 quidembominentombnevemvitemnolunt,
1215 1174 1218 1181 Ι

249 1200 335 1270 Cum
346 1201 448 1268 hence
461 1200 583 1267 herbae
596 1200 792 1287 hujusmodi
802 1203 839 1267 in
852 1223 950 1268 onum
962 1201 1073 1269 alvom
1085 1227 1164 1271 oon·

1018 1333 1141 1407 gerunt
1153 1366 1163 1401 ,

189 1437 242 1501 35.
253 1431 502 1502 Formidolosn
525 1431 643 1512 dioto,
669 1452 735 1498 non
758 1454 819 1498 esu
841 1433 960 1501 modo:
1077 1449 1081 1455 ’

253 1549 346 1626 Quas
359 1546 480 1613 herbas
490 1547 637 1634 peendeo
649 1569 715 1613 non
728 1549 831 1614 edunt
844 1596 855 1629 ‚
881 1549 1034 1616 hominos
1049 1551 1164 1618 edunt.

251 1684 308 1730 ni.
334 1662 427 1739 Qum
448 1662 511 1728 tui
534 1663 664 1728 (livinis
688 1664 911 1730 condimentis
933 1678 1052 1749 utere,

252 1777 321 1855 Qui
342 1798 521 1864 prorogare
543 1780 649 1843 vitem
668 1780 782 1865 possin
806 1776 1029 1861 bominibus,

137 1956 139 1961 .
253 1892 323 1970 Qui
336 1916 375 1959 ea
386 1891 501 1979 culpes
515 1891 749 1960 condimentet
779 1914 834 1960 co.
857 1893 1029 1962 Audacter
1039 1897 1165 1963 dicito:

187 2015 244 2078 40.
256 2007 344 2077 Νιιιιι
364 2007 421 2074 vel
444 2008 589 2074 ducenos
612 2030 715 2074 annon
737 2022 896 2096 poterunt
916 2013 1057 2091 vivere,

273 2202 316 2252 ³0.
336 2204 442 2266 coquet.
477 2197 521 2248 32.
539 2199 724 2264 intentioneque
741 2199 880 2252 oeeedwnt.

172 2354 306 2435 'legitur
324 2350 504 2423 triverumt;
525 2348 560 2408 in
580 2351 812 2429 antiquioribus
832 2373 925 2429 vero,
949 2376 978 2416 v.
1002 2378 1030 2418 e.
1054 2358 1169 2421 Venet.

187 2462 283 2534 1576,
323 2477 505 2538 germanum
533 2458 712 2542 temerant)
739 2463 929 2544 anctoritate
957 2483 1001 2526 vs.
1023 2482 1068 2543 sq.
1091 2487 1168 2547 pro-

184 2568 323 2631 bandum
348 2576 426 2647 puto
453 2567 618 2644 antiquum
646 2578 812 2629 tomorum
841 2591 899 2651 pro
919 2575 1096 2648 triverunt,
1129 2576 1170 2637 de

185 2698 249 2757 quo
268 2676 394 2739 omnino
414 2674 485 2736 vide
503 2674 587 2737 Voss.
606 2675 645 2735 do
663 2675 731 2738 Art.
752 2679 886 2740 Gramm.
907 2680 942 2740 V.
962 2682 1012 2742 30.
1059 2684 1167 2743 Seele-

186 2810 223 2850 ro
241 2796 288 2848 est
306 2785 483 2847 convicium
499 2785 534 2843 in
551 2785 695 2865 sinopim‚
717 2796 754 2847 ut
769 2786 853 2868 apud
870 2788 955 2868 Virg.
974 2790 1082 2852 Monet.
1097 2793 1167 2854 109.

223 2896 225 2900 ’
306 2894 525 2974 immeritoque
534 2895 653 2973 sereno
672 2896 750 2955 dicit
766 2898 907 2958 eonvioia
914 2900 1015 2978 sumo.

225 3004 276 3065 Vn.
297 3004 347 3064 31.
378 3002 546 3082 otriqibuo:
575 3005 657 3063 strio
684 3005 749 3064 avis
768 3005 910 3067 sabulosa
925 3007 992 3084 jam
1019 3007 1168 3071 aRlinio

186 3122 332 3176 censetur
361 3112 438 3173 Hist.
467 3093 536 3173 Not.
562 3112 615 3173 XI.
645 3113 702 3174 95:
744 3114 915 3176 »Infausta
934 3124 967 3175 ot
987 3114 1171 3180 abominata

180 3251 198 3294 ,ι
212 3220 360 3302 gentibus
385 3220 544 3293 omnibns,
572 3220 640 3298 jem
665 3221 804 3302 antiquis
831 3222 866 3281 in
888 3210 1062 3285 maledictis
1091 3224 1170 3287 suit.

186 3359 198 3387 ι
216 3331 276 3391 Sed
295 3349 376 3408 qnae
396 3329 437 3390 sit
464 3328 584 3403 avium,
609 3349 720 3410 parum
741 3325 898 3392 constet.”
942 3332 1046 3394 Horat.
1067 3333 1169 3414 Epod.

185 3441 214 3501 5.
235 3440 275 3499 20
304 3447 489 3498 nocturnam
509 3439 637 3517 otriqem
657 3448 762 3513 vocnt,
793 3449 827 3500 et
847 3441 892 3502 sio
912 3441 1021 3522 plures
1041 3442 1169 3504 omino-

186 3565 249 3606 sam
274 3567 362 3608 avem
382 3556 573 3608 memorant:
605 3547 654 3610 off.
690 3548 749 3609 int.
776 3568 805 3609 a.
832 3548 864 3610 h.
894 3550 917 3610 l.
945 3558 978 3610 et
1008 3550 1048 3610 ad
1070 3551 1170 3632 Prop.

185 3654 246 3716 111.
268 3652 304 3717 5.
319 3655 377 3733 29;
398 3655 494 3735 Heyn.
516 3656 556 3720 ad
577 3657 645 3719 Tib.
666 3657 693 3719 Ι.
715 3660 745 3720 5.
766 3658 816 3719 52.

224 3762 275 3825 Vn.
293 3765 343 3825 et.
365 3784 455 3824 ouum
474 3765 595 3828 oleum:
617 3767 720 3828 minuo
736 3768 965 3849 pervulgatum
984 3769 1037 3829 bio
1051 3769 1168 3830 alveo.-

184 3872 258 3934 vido
282 3880 386 3935 tamen
411 3875 496 3936 Serv.
516 3876 659 3958 ad,Virg.
678 3877 756 3939 Aen.
776 3877 819 3940 II.
840 3879 907 3941 51.
939 3940 940 3946 χ

182 4041 184 4045 .
224 3983 275 4044 Vs.
293 3984 344 4046 10.
375 3984 508 4044 ducenos
532 4005 641 4049 nomos.
682 3985 870 4048 Philemonis
900 3986 1005 4063 loeus,
1056 3987 1165 4068 Lipoio
