2670 5146
637 423 687 494 ⁷⁷

264 691 308 738 ιιι.
330 669 437 756 Egon‘
461 681 498 730 nt
517 685 635 730 eevere
655 683 814 750 nequeam
827 668 907 751 qnoi
917 669 1149 753 praedicitur?

265 807 316 851 ns.
342 781 504 847 Praedieo
517 825 528 858 ‚
542 793 578 842 ut
590 799 729 846 caveas:
755 779 855 859 dieo,
870 784 1027 869 inquam,
1046 802 1083 851 ut
1095 811 1149 855 oa.

942 922 1041 968 vees:
1057 926 1150 970 eave.

263 1015 351 1082 Hem
364 1060 375 1094 ,
388 1015 468 1077 istis
480 1010 566 1076 mihi
579 1023 616 1075 tu
627 1009 728 1076 hodie
738 1011 892 1077 manibus
904 1028 1077 1100 argentum
1090 1020 1148 1086 de-

1082 1133 1150 1200 bis.

263 1267 319 1313 οι.
331 1241 459 1330 Edepol
471 1239 645 1307 mortalem
656 1242 900 1328 graphicum,si
913 1258 1024 1311 servet
1036 1245 1149 1314 fidem!

179 1365 256 1430 105.
267 1383 320 1428 ee.
347 1360 519 1426 Servitnm
544 1357 610 1422 tibi
632 1379 686 1422 me
709 1356 887 1436 abducito,
911 1361 947 1423 ni
971 1361 1096 1427 feeero.

266 1503 309 1545 si.
322 1475 633 1563 Beneatqueemioe
646 1473 993 1560 dioismemnunejem
999 1497 1092 1544 meus
1101 1501 1151 1545 es.

264 1622 322 1672 loe.
339 1621 413 1672 abest
429 1634 481 1670 me.

177 1759 282 1809 tuom:
300 1730 488 1827 perumhee
506 1741 635 1804 Latine:
657 1741 769 1802 melius
786 1743 849 1804 sie:
870 1753 899 1802 te
917 1747 1043 1827 impone
1061 1748 1151 1808 debi-

176 1868 284 1918 terem
308 1855 390 1932 (soil.
412 1843 546 1940 sacione
564 1852 667 1932 tuem)
684 1840 837 1911 oetatem:
864 1853 885 1912 i.
906 1872 933 1912 e.
953 1854 1075 1916 facinus
1091 1857 1152 1918 hoe

177 1973 268 2023 tunm
284 1981 405 2042 semper
426 1961 616 2040 impunitum
633 1959 785 2020 futurum.
827 1959 941 2021 Eodem
957 1962 1049 2021 modo
1064 1964 1151 2024 ieel-

177 2085 243 2133 tem
274 2093 313 2132 ou
330 2092 415 2144 erre,
448 2071 518 2132 Tor.
545 2067 625 2130 And.
644 2070 677 2142 3,
708 2070 744 2142 5,
773 2054 811 2130 d:
839 2078 871 2128 et
890 2069 1075 2150 simpliciter
1092 2094 1149 2132 eu-

168 2183 278 2263 serre,
301 2180 479 2260 inopes,
498 2180 534 2253 ι,
558 2179 596 2240 e:
617 2155 804 2252 oenone
825 2178 862 2252 2,
886 2179 938 2253 13,
958 2181 1035 2253 ets,
1055 2183 1083 2255 ι,
1103 2183 1150 2242 ιιι.

129 2286 133 2292 ’
217 2290 268 2350 Vs.
299 2289 366 2348 101.
397 2289 484 2368 eqoe'
513 2297 675 2347 eteovere
694 2307 863 2367 nequeam:
894 2298 930 2347 et
952 2287 1013 2349 hoe
1031 2288 1100 2352 loeo
1119 2301 1153 2352 et

174 2396 350 2457 innumeris
375 2395 445 2456 eliis
470 2394 578 2455 eodem
603 2395 710 2468 mode,
748 2394 972 2477 supplendum,
1004 2407 1100 2476 etque
1117 2399 1152 2458 in

175 2505 336 2566 notissime
371 2503 506 2565 formula
533 2505 627 2564 eetio'
656 2494 721 2564 et:
767 2504 808 2565 ef.
848 2505 939 2568 Both.
970 2506 1010 2568 ed
1039 2506 1150 2588 Amph.

177 2617 253 2688 171,
284 2623 316 2673 et
334 2631 415 2690 quae
433 2612 518 2675 dieta
535 2622 610 2672 sunt
626 2611 710 2673 inire
733 2612 772 2674 ed
794 2613 824 2673 1.
852 2613 881 2673 0.
908 2615 957 2674 10.

217 2723 267 2783 Vs.
310 2722 377 2782 102.
417 2721 467 2782 Sie
494 2720 745 2800 distinguendam
770 2730 848 2802 puto
874 2723 1005 2784 alteram
1029 2727 1150 2805 partem

177 2833 274 2911 hujus
290 2851 414 2892 versus:
445 2831 527 2905 dieo,
550 2833 694 2911 inquom,
718 2841 753 2890 et
771 2852 879 2891 caveae
897 2853 981 2892 eene.
1023 2834 1099 2895 Nam
1116 2835 1150 2894 in

177 2941 307 3020 vulgate
321 2961 394 2999 oooe
410 2938 517 3020 inepte
533 2949 629 3019 atque
641 2938 758 3020 frigide
766 2939 934 3019 adjicitur:
958 2942 1151 3021 itaqueeon-
1210 3008 1215 3020 ¹

177 3059 294 3111 struas:
323 3069 396 3108 eave
418 3059 454 3107 et
478 3068 602 3118 caveas,
633 3047 673 3107 de
700 3067 762 3128 quo
780 3048 852 3107 vide
870 3049 967 3109 Poris.
987 3049 1148 3110 adsedet.

177 3157 251 3218 min.
279 3157 331 3219 lv.
359 3159 406 3218 15.
431 3177 462 3237 p.
486 3157 555 3216 985.
597 3156 690 3218 Ferte
715 3155 909 3236 transpositis
927 3156 1087 3217 vocabulis
1103 3157 1150 3217 le·

177 3266 332 3346 gendum:

219 3373 299 3443 Dico
316 3385 353 3433 et
370 3394 498 3435 eeoeos:
524 3375 686 3457 praedico,
716 3375 859 3454 inquam,
889 3384 926 3433 et
942 3393 1050 3434 euneos
1066 3395 1148 3438 eene.

178 3484 222 3544 ne
244 3485 426 3566 praedicere
451 3503 509 3563 pre
536 3483 675 3557 hortari,
713 3503 853 3556 mettere,
891 3481 964 3544 vide
992 3484 1085 3544 Gron.
1112 3484 1151 3545 ed

178 3591 379 3654 Liv.11.10.
1048 3582 1051 3588 ’

218 3699 268 3760 Vs.
299 3701 367 3763 106.
396 3701 586 3783 teneatque
614 3704 712 3762 amieo
731 3702 825 3774 diois,
858 3710 906 3762 est
921 3701 1037 3781 gratias
1054 3721 1149 3782 egen·

178 3810 233 3884 tis,
265 3819 304 3870 nt
326 3809 404 3870 mele
432 3811 511 3871 dieis
534 3820 582 3871 ost
597 3810 790 3891 indignantis
804 3817 836 3870 et
854 3810 1025 3890 querentis.
1066 3811 1149 3871 Bene
1217 3842 1222 3853 ·

178 3936 210 3977 so
233 3917 330 3980 hahet
345 3918 399 3980 hie
417 3939 541 3995 versus,
571 3931 607 3981 nt
623 3921 656 3980 in
674 3919 766 3982 editt.
783 3927 816 3980 et
834 3919 886 3980 Cd.
904 3917 998 3980 dead.
1017 3917 1145 3998 legitur.

178 4027 263 4088 Mem
287 4050 318 4088 eo
337 4048 411 4109 pre:
438 4050 537 4090 meum
553 4031 743 4111 mancipium
760 4049 809 4104 ee,
841 4027 1030 4089 sexeenties:
1061 4034 1145 4086 oete·
