2670 5146
719 381 773 457 88

289 636 293 643 '
315 650 366 697 ss.
391 625 557 713 Quisquis
580 643 643 701 es,
662 623 893 715 compendium
904 646 966 711 ego
980 638 1014 691 te
1025 628 1140 697 iacere
1151 635 1236 721 pul.

1020 745 1112 812 tondi
1125 747 1207 815 volo
1223 775 1234 829 ;

317 858 404 926 Nom
416 879 476 945 ego
489 866 643 942 precator
655 865 689 918 et
697 864 855 937 potiosus
868 853 998 920 foribus
1010 863 1164 943 processi
1176 864 1237 928 fo'·

1158 999 1176 1043 r
1225 1026 1235 1045 .

316 1111 372 1157 sa.
396 1087 491 1153 Tune
505 1108 542 1153 os
554 1081 691 1151 Ballict
713 1106 766 1149 cs.
778 1083 883 1150 Immo
893 1108 973 1152 vero
987 1110 1050 1175 ego
1062 1094 1139 1176 ejus
1154 1002 1234 1162 aazia

1036 1203 1235 1278 Subballio.

320 1338 377 1386 st.
401 1316 493 1394 Quid
515 1318 606 1382 istuc
627 1313 725 1380 verbi
751 1314 828 1379 esti
861 1335 913 1380 ss.
937 1315 1072 1383 Condcs
1092 1342 1237 1407 promus

821 1452 894 1494 sum
908 1477 917 1510 ‚
930 1447 1121 1517 procurator
1135 1442 1235 1522 peni.

253 1555 306 1618 15.
318 1570 378 1616 ssa.
402 1545 511 1623 Quasi
525 1559 557 1610 te
570 1545 664 1610 dicas
676 1545 869 1612 atriensem.
892 1568 943 1613 ss.
967 1548 1072 1614 Immo
1085 1554 1236 1620 atriensi

1010 1686 1072 1751 ego
1086 1667 1233 1752 impero.

314 1797 374 1843 sss.
399 1773 491 1851 Quid
502 1787 562 1853 tu,
586 1796 749 1840 servosne
762 1797 821 1853 es,
847 1774 1014 1842 anlibert
1048 1800 1100 1844 ss.
1125 1776 1231 1849 Nunc

834 1891 968 1978 quidem
980 1896 1081 1959 etiam
1098 1899 1230 1963 secvlo.

318 2028 377 2074 m.
401 2006 456 2072 Ita
476 2005 616 2084 videre,
641 2017 675 2070 ot
696 2025 763 2069 non
778 2005 896 2073 videre
919 2008 1042 2096 dignus
1065 2009 1237 2096 quilibet

1142 2148 1197 2193 sle
1221 2173 1234 2193 .

318 2261 370 2304 es.
394 2235 471 2303 Non
483 2235 574 2302 solos
585 2237 757 2322 respicere
770 2196 804 2300 te
817 2281 828 2315 ,
851 2257 925 2301 com
936 2236 1029 2305 dicas
1042 2151 1240 2327 11111111οαῖ-

1039 2382 1050 2409 ·=
1132 2358 1233 2423 terii

298 2545 301 2549 ’
340 2527 380 2580 13.
400 2541 446 2592 opo
464 2538 535 2575 cero.
573 2524 616 2577 14.
634 2540 795 2590 suppremus
810 2540 879 2576 sum.

293 2677 342 2738 Vs.
374 2676 421 2737 ll.
458 2677 670 2758 compendium
702 2687 762 2737 etc.
787 2679 810 2737 i.
840 2698 867 2737 e.
894 2678 1019 2760 pultare
1052 2681 1134 2753 noli,
1171 2684 1229 2745 vol

254 2786 373 2847 omitto.
415 2784 504 2846 Amat
530 2785 611 2846 hanc
638 2786 828 2847 locutionem
844 2786 988 2861 Plautus,
1016 2788 1056 2849 do
1072 2763 1137 2867 qua
1153 2790 1232 2854 vido

255 2895 350 2956 Gron.
368 2893 400 2954 L.
422 2894 455 2954 P.
474 2914 505 2973 p.
526 2894 575 2954 79.

295 3002 346 3062 Vs.
377 3001 424 3062 12.
454 3010 599 3083 precator
624 3013 655 3062 ot
673 3015 848 3086 patronus:
871 3016 1013 3087 precator
1033 3007 1116 3066 idem
1141 3010 1235 3086 quod

256 3091 456 3193 deprecator}
476 3131 583 3171 sensus
599 3121 663 3172 cst:
686 3114 821 3193 processi
840 3114 934 3188 foras,
966 3125 1002 3174 ut
1018 3115 1235 3194 patrocinium

253 3221 368 3281 socium
390 3221 571 3301 suscipiam,
602 3231 635 3281 ct
661 3221 826 3302 deprecor,
858 3225 883 3284 si
909 3225 979 3301 quis
1005 3223 1098 3283 nimis
1121 3224 1232 3285 valide

255 3350 306 3392 eas
324 3331 444 3411 pulset:
473 3330 514 3391 cs.
536 3332 629 3391 Grcn.
650 3331 689 3391 ad
711 3333 780 3392 Ter.
800 3334 907 3393 Heaut.
930 3335 965 3406 5,
992 3333 1028 3406 2,
1048 3333 1096 3392 22.

294 3438 344 3498 Vs.
357 3440 404 3499 13.
417 3438 586 3513 Subballio,
611 3439 699 3519 quasi
709 3440 807 3516 dicas,
827 3441 961 3501 vicarius
971 3440 1134 3501 Ballionis:
1155 3440 1233 3502 vido

255 3545 347 3606 Gron.
373 3546 405 3604 L.
437 3547 469 3606 P.
496 3569 527 3627 p.
550 3549 619 3610 257.
663 3549 751 3625 Quod
770 3568 846 3609 voro
866 3549 954 3609 affert
974 3549 1033 3607 vir.
1056 3547 1096 3608 ol.
1119 3566 1230 3613 exem·

255 3651 342 3732 plum
372 3672 409 3713 ex
438 3655 500 3715 Cic.
531 3656 571 3716 ad
599 3655 663 3718 Ac.
694 3659 729 3718 X.
754 3660 767 3718 1
791 3658 830 3717 de
853 3659 1029 3718 Summorio
1047 3676 1105 3736 pro
1125 3655 1232 3718 altero

256 3761 371 3834 Mario,
421 3762 610 3825 crudelitate
646 3776 678 3826 et
712 3766 837 3847 imperii
865 3766 1013 3847 cupidine
1039 3764 1115 3832 huic
1142 3766 1231 3844 pori,

258 3890 355 3950 quum
373 3871 407 3930 in
425 3871 573 3932 Cicerone
593 3874 671 3934 ferri
690 3877 742 3936 vix
763 3883 882 3956 potest,
914 3874 1030 3937 Manat.
1052 3872 1232 3951 suspicatur

253 3977 420 4057 legendum
442 3982 644 4042 commorior.
