<?xml version="1.0" encoding="UTF-8"?>
<!DOCTYPE html PUBLIC "-//W3C//DTD XHTML 1.0 Transitional//EN"
    "http://www.w3.org/TR/xhtml1/DTD/xhtml1-transitional.dtd">
<html xmlns="http://www.w3.org/1999/xhtml" xml:lang="en" lang="en">
 <head>
  <title>
</title>
<meta http-equiv="Content-Type" content="text/html;charset=utf-8" />
  <meta name='ocr-system' content='tesseract 3.04.00' />
  <meta name='ocr-capabilities' content='ocr_page ocr_carea ocr_par ocr_line ocrx_word'/>
</head>
<body>
  <div class='ocr_page' id='page_1' title='image "./specimenliterar00plaugoog_0161.png"; bbox 0 0 2670 5146; ppageno 0'>
   <div class='ocr_carea' id='block_1_1' title="bbox 611 354 690 428">
    <p class='ocr_par' dir='ltr' id='par_1_1' title="bbox 611 354 690 428">
     <span class='ocr_line' id='line_1_1' title="bbox 611 354 690 428; baseline 0 0"><span class='ocrx_word' id='word_1_1' title='bbox 611 354 690 428; x_wconf 77' lang='grc'><strong>146</strong></span> 
     </span>
    </p>
   </div>
   <div class='ocr_carea' id='block_1_2' title="bbox 296 634 1020 725">
    <p class='ocr_par' dir='ltr' id='par_1_2' title="bbox 296 634 1020 725">
     <span class='ocr_line' id='line_1_2' title="bbox 296 634 1020 725; baseline 0.008 -8"><span class='ocrx_word' id='word_1_2' title='bbox 296 634 449 718; x_wconf 74' lang='lat' dir='ltr'><strong>Ac&#39;rIJ!</strong></span> <span class='ocrx_word' id='word_1_3' title='bbox 474 642 654 723; x_wconf 78' lang='lat' dir='ltr'><strong>QUAR&#39;l&#39;l</strong></span> <span class='ocrx_word' id='word_1_4' title='bbox 679 644 829 720; x_wconf 79' lang='lat' dir='ltr'><strong>scuNA</strong></span> <span class='ocrx_word' id='word_1_5' title='bbox 853 648 1020 725; x_wconf 71' lang='lat' dir='ltr'><strong>SEXTA.</strong></span> 
     </span>
    </p>
   </div>
   <div class='ocr_carea' id='block_1_3' title="bbox 525 894 789 951">
    <p class='ocr_par' dir='ltr' id='par_1_3' title="bbox 525 894 789 951">
     <span class='ocr_line' id='line_1_3' title="bbox 525 894 789 951; baseline 0.004 -14"><span class='ocrx_word' id='word_1_6' title='bbox 525 894 626 951; x_wconf 80' lang='lat' dir='ltr'><strong>eruo,</strong></span> <span class='ocrx_word' id='word_1_7' title='bbox 651 894 789 939; x_wconf 73' lang='lat' dir='ltr'><strong>esuuro.</strong></span> 
     </span>
    </p>
   </div>
   <div class='ocr_carea' id='block_1_4' title="bbox 197 1044 1205 1938">
    <p class='ocr_par' dir='ltr' id='par_1_4' title="bbox 197 1044 1205 1938">
     <span class='ocr_line' id='line_1_4' title="bbox 234 1044 1003 1134; baseline 0 -22"><span class='ocrx_word' id='word_1_8' title='bbox 234 1045 322 1112; x_wconf 86' lang='lat' dir='ltr'><strong>Viso</strong></span> <span class='ocrx_word' id='word_1_9' title='bbox 347 1045 429 1133; x_wconf 82' lang='lat' dir='ltr'><strong>quid</strong></span> <span class='ocrx_word' id='word_1_10' title='bbox 450 1067 560 1112; x_wconf 87' lang='lat' dir='ltr'><strong>rerum</strong></span> <span class='ocrx_word' id='word_1_11' title='bbox 583 1066 676 1112; x_wconf 88' lang='lat' dir='ltr'><strong>meus</strong></span> <span class='ocrx_word' id='word_1_12' title='bbox 699 1044 844 1132; x_wconf 81' lang='lat' dir='ltr'><strong>Ulysses</strong></span> <span class='ocrx_word' id='word_1_13' title='bbox 869 1050 1003 1134; x_wconf 81' lang='lat' dir='ltr'><strong>egerit,</strong></span> 
     </span>
     <span class='ocr_line' id='line_1_5' title="bbox 232 1158 1007 1248; baseline 0.001 -23"><span class='ocrx_word' id='word_1_14' title='bbox 232 1159 350 1226; x_wconf 85' lang='lat' dir='ltr'><strong>Jemne</strong></span> <span class='ocrx_word' id='word_1_15' title='bbox 373 1160 493 1227; x_wconf 76' lang='lat' dir='ltr'><strong>habeut</strong></span> <span class='ocrx_word' id='word_1_16' title='bbox 515 1163 649 1248; x_wconf 77' lang='lat' dir='ltr'><strong>signum</strong></span> <span class='ocrx_word' id='word_1_17' title='bbox 671 1183 718 1229; x_wconf 85' lang='lat' dir='ltr'><strong>ex</strong></span> <span class='ocrx_word' id='word_1_18' title='bbox 739 1183 816 1227; x_wconf 84' lang='lat' dir='ltr'><strong>eree</strong></span> <span class='ocrx_word' id='word_1_19' title='bbox 839 1158 1007 1227; x_wconf 81' lang='lat' dir='ltr'><strong>Bellonio.</strong></span> 
     </span>
     <span class='ocr_line' id='line_1_6' title="bbox 237 1274 1074 1358; baseline 0.002 -17"><span class='ocrx_word' id='word_1_20' title='bbox 237 1295 294 1342; x_wconf 79' lang='lat' dir='ltr'><strong>rs.</strong></span> <span class='ocrx_word' id='word_1_21' title='bbox 317 1274 349 1341; x_wconf 93' lang='lat'>0</span> <span class='ocrx_word' id='word_1_22' title='bbox 372 1277 562 1356; x_wconf 79' lang='lat' dir='ltr'><strong>fortunate,</strong></span> <span class='ocrx_word' id='word_1_23' title='bbox 587 1276 668 1342; x_wconf 85' lang='lat' dir='ltr'><strong>eedo</strong></span> <span class='ocrx_word' id='word_1_24' title='bbox 690 1277 894 1342; x_wconf 79' lang='lat' dir='ltr'><strong>fortunatam</strong></span> <span class='ocrx_word' id='word_1_25' title='bbox 917 1298 1074 1358; x_wconf 83' lang='lat' dir='ltr'><strong>menum,</strong></span> 
     </span>
     <span class='ocr_line' id='line_1_7' title="bbox 238 1390 1143 1481; baseline 0.003 -24"><span class='ocrx_word' id='word_1_26' title='bbox 238 1391 356 1458; x_wconf 83' lang='lat' dir='ltr'>Simo!</span> <span class='ocrx_word' id='word_1_27' title='bbox 388 1413 432 1458; x_wconf 73' lang='grc' dir='ltr'><strong>ει.</strong></span> <span class='ocrx_word' id='word_1_28' title='bbox 458 1391 550 1468; x_wconf 78' lang='lat' dir='ltr'><strong>Quid</strong></span> <span class='ocrx_word' id='word_1_29' title='bbox 562 1391 640 1458; x_wconf 74' lang='lat' dir='ltr'><strong>estl</strong></span> <span class='ocrx_word' id='word_1_30' title='bbox 675 1413 731 1459; x_wconf 78' lang='lat' dir='ltr'><strong>ss.</strong></span> <span class='ocrx_word' id='word_1_31' title='bbox 754 1391 842 1457; x_wconf 84' lang='lat' dir='ltr'><strong>Jem.</strong></span> <span class='ocrx_word' id='word_1_32' title='bbox 866 1412 910 1457; x_wconf 79' lang='lat' dir='ltr'><strong>er.</strong></span> <span class='ocrx_word' id='word_1_33' title='bbox 936 1390 1028 1468; x_wconf 75' lang='lat' dir='ltr'><strong>Quid</strong></span> <span class='ocrx_word' id='word_1_34' title='bbox 1047 1394 1143 1481; x_wconf 79' lang='lat' dir='ltr'><strong>jsml</strong></span> 
     </span>
     <span class='ocr_line' id='line_1_8' title="bbox 289 1501 1143 1593; baseline 0.012 -28"><span class='ocrx_word' id='word_1_35' title='bbox 289 1558 292 1565; x_wconf 86' lang='lat'>.</span> <span class='ocrx_word' id='word_1_36' title='bbox 393 1526 449 1572; x_wconf 77' lang='lat' dir='ltr'><strong>es.</strong></span> <span class='ocrx_word' id='word_1_37' title='bbox 462 1501 564 1571; x_wconf 85' lang='lat' dir='ltr'><strong>Nihil</strong></span> <span class='ocrx_word' id='word_1_38' title='bbox 576 1519 630 1571; x_wconf 88' lang='lat' dir='ltr'><strong>est</strong></span> <span class='ocrx_word' id='word_1_39' title='bbox 642 1506 730 1593; x_wconf 84' lang='lat' dir='ltr'><strong>quod</strong></span> <span class='ocrx_word' id='word_1_40' title='bbox 742 1518 884 1572; x_wconf 81' lang='lat' dir='ltr'><strong>metues.</strong></span> <span class='ocrx_word' id='word_1_41' title='bbox 909 1526 952 1571; x_wconf 82' lang='lat' dir='ltr'><strong>ss.</strong></span> <span class='ocrx_word' id='word_1_42' title='bbox 967 1505 1059 1582; x_wconf 78' lang='lat' dir='ltr'><strong>Quid</strong></span> <span class='ocrx_word' id='word_1_43' title='bbox 1073 1522 1143 1589; x_wconf 79' lang='lat' dir='ltr'><strong>ert,</strong></span> 
     </span>
     <span class='ocr_line' id='line_1_9' title="bbox 197 1618 1205 1712; baseline 0.001 -26"><span class='ocrx_word' id='word_1_44' title='bbox 197 1625 229 1687; x_wconf 78' lang='lat'><strong>5.</strong></span> <span class='ocrx_word' id='word_1_45' title='bbox 243 1621 394 1688; x_wconf 80' lang='lat' dir='ltr'>Venitne</span> <span class='ocrx_word' id='word_1_46' title='bbox 407 1620 506 1686; x_wconf 89' lang='lat' dir='ltr'><strong>homo</strong></span> <span class='ocrx_word' id='word_1_47' title='bbox 518 1620 561 1685; x_wconf 81' lang='lat' dir='ltr'><strong>sd</strong></span> <span class='ocrx_word' id='word_1_48' title='bbox 574 1618 634 1687; x_wconf 68' lang='lat' dir='ltr'><strong>tel</strong></span> <span class='ocrx_word' id='word_1_49' title='bbox 658 1641 715 1687; x_wconf 77' lang='lat' dir='ltr'><strong>us.</strong></span> <span class='ocrx_word' id='word_1_50' title='bbox 738 1618 828 1686; x_wconf 88' lang='lat' dir='ltr'><strong>Non.</strong></span> <span class='ocrx_word' id='word_1_51' title='bbox 853 1643 895 1687; x_wconf 83' lang='grc' dir='ltr'><strong>ιι.</strong></span> <span class='ocrx_word' id='word_1_52' title='bbox 911 1618 1003 1696; x_wconf 82' lang='lat' dir='ltr'><strong>Quid</strong></span> <span class='ocrx_word' id='word_1_53' title='bbox 1015 1636 1068 1687; x_wconf 88' lang='lat' dir='ltr'><strong>est</strong></span> <span class='ocrx_word' id='word_1_54' title='bbox 1081 1624 1145 1712; x_wconf 74' lang='lat' dir='ltr'><strong>igr·-</strong></span> <span class='ocrx_word' id='word_1_55' title='bbox 1202 1642 1205 1652; x_wconf 75' lang='lat'>¹</span> 
     </span>
     <span class='ocr_line' id='line_1_10' title="bbox 979 1735 1147 1805; baseline 0 -4"><span class='ocrx_word' id='word_1_56' title='bbox 979 1735 1147 1805; x_wconf 79' lang='lat' dir='ltr'><strong>turbonil</strong></span> 
     </span>
     <span class='ocr_line' id='line_1_11' title="bbox 239 1847 1126 1938; baseline 0.001 -22"><span class='ocrx_word' id='word_1_57' title='bbox 239 1872 294 1916; x_wconf 78' lang='lat' dir='ltr'><strong>es.</strong></span> <span class='ocrx_word' id='word_1_58' title='bbox 319 1847 437 1916; x_wconf 82' lang='lat' dir='ltr'><strong>Minae</strong></span> <span class='ocrx_word' id='word_1_59' title='bbox 458 1851 586 1938; x_wconf 77' lang='lat' dir='ltr'><strong>viginti</strong></span> <span class='ocrx_word' id='word_1_60' title='bbox 609 1869 711 1916; x_wconf 81' lang='lat' dir='ltr'><strong>senae</strong></span> <span class='ocrx_word' id='word_1_61' title='bbox 733 1872 771 1916; x_wconf 85' lang='lat' dir='ltr'><strong>so</strong></span> <span class='ocrx_word' id='word_1_62' title='bbox 794 1848 908 1917; x_wconf 80' lang='lat' dir='ltr'><strong>salvae</strong></span> <span class='ocrx_word' id='word_1_63' title='bbox 930 1864 1011 1917; x_wconf 85' lang='lat' dir='ltr'><strong>sunt</strong></span> <span class='ocrx_word' id='word_1_64' title='bbox 1033 1851 1126 1931; x_wconf 82' lang='lat' dir='ltr'>tibi,</span> 
     </span>
    </p>
   </div>
   <div class='ocr_carea' id='block_1_5' title="bbox 239 1964 1150 2055">
    <p class='ocr_par' dir='ltr' id='par_1_5' title="bbox 239 1964 1150 2055">
     <span class='ocr_line' id='line_1_12' title="bbox 239 1964 1150 2055; baseline 0 -23"><span class='ocrx_word' id='word_1_65' title='bbox 239 1965 352 2033; x_wconf 85' lang='lat' dir='ltr'><strong>Hodie</strong></span> <span class='ocrx_word' id='word_1_66' title='bbox 376 1987 460 2055; x_wconf 78' lang='lat' dir='ltr'><strong>quse</strong></span> <span class='ocrx_word' id='word_1_67' title='bbox 482 1965 542 2032; x_wconf 81' lang='lat' dir='ltr'><strong>obs</strong></span> <span class='ocrx_word' id='word_1_68' title='bbox 562 1978 596 2032; x_wconf 81' lang='lat' dir='ltr'><strong>te</strong></span> <span class='ocrx_word' id='word_1_69' title='bbox 608 1965 688 2032; x_wconf 82' lang='lat' dir='ltr'><strong>inde</strong></span> <span class='ocrx_word' id='word_1_70' title='bbox 701 1978 754 2033; x_wconf 86' lang='lat' dir='ltr'><strong>est</strong></span> <span class='ocrx_word' id='word_1_71' title='bbox 765 1964 987 2055; x_wconf 82' lang='lat' dir='ltr'><strong>instipulatus</strong></span> <span class='ocrx_word' id='word_1_72' title='bbox 1000 1966 1150 2034; x_wconf 84' lang='lat' dir='ltr'><strong>Pseudo-</strong></span> 
     </span>
    </p>
   </div>
   <div class='ocr_carea' id='block_1_6' title="bbox 242 2081 1151 2266">
    <p class='ocr_par' dir='ltr' id='par_1_6' title="bbox 242 2081 1151 2266">
     <span class='ocr_line' id='line_1_13' title="bbox 1081 2081 1151 2150; baseline 0 -1"><span class='ocrx_word' id='word_1_73' title='bbox 1081 2081 1151 2150; x_wconf 81' lang='lat' dir='ltr'><strong>lus.</strong></span> 
     </span>
     <span class='ocr_line' id='line_1_14' title="bbox 242 2197 781 2266; baseline -0.004 -18"><span class='ocrx_word' id='word_1_74' title='bbox 242 2199 266 2252; x_wconf 86' lang='lat'><strong>1.</strong></span> <span class='ocrx_word' id='word_1_75' title='bbox 285 2199 462 2266; x_wconf 70' lang='lat' dir='ltr'><strong>puldrorum</strong></span> <span class='ocrx_word' id='word_1_76' title='bbox 478 2211 561 2251; x_wconf 76' lang='lat' dir='ltr'><strong>meus.</strong></span> <span class='ocrx_word' id='word_1_77' title='bbox 598 2197 625 2250; x_wconf 75' lang='lat' dir='ltr'><strong>o.</strong></span> <span class='ocrx_word' id='word_1_78' title='bbox 643 2198 715 2250; x_wconf 76' lang='lat' dir='ltr'><strong>ebert</strong></span> <span class='ocrx_word' id='word_1_79' title='bbox 731 2204 781 2248; x_wconf 76' lang='lat' dir='ltr'><strong>est.</strong></span> 
     </span>
    </p>
   </div>
   <div class='ocr_carea' id='block_1_7' title="bbox 173 2321 1159 4043">
    <p class='ocr_par' dir='ltr' id='par_1_7' title="bbox 173 2321 1157 2729">
     <span class='ocr_line' id='line_1_15' title="bbox 213 2321 1156 2409; baseline 0.004 -27"><span class='ocrx_word' id='word_1_80' title='bbox 213 2324 265 2386; x_wconf 81' lang='lat' dir='ltr'><strong>Vs.</strong></span> <span class='ocrx_word' id='word_1_81' title='bbox 296 2324 323 2385; x_wconf 87' lang='lat' dir='ltr'><strong>l.</strong></span> <span class='ocrx_word' id='word_1_82' title='bbox 357 2322 489 2403; x_wconf 68' lang='lat' dir='ltr'><strong>Ulysses.</strong></span> <span class='ocrx_word' id='word_1_83' title='bbox 530 2321 643 2385; x_wconf 81' lang='lat' dir='ltr'><strong>Bsooh.</strong></span> <span class='ocrx_word' id='word_1_84' title='bbox 667 2325 708 2409; x_wconf 73' lang='lat' dir='ltr'><strong>l,</strong></span> <span class='ocrx_word' id='word_1_85' title='bbox 735 2323 772 2397; x_wconf 88' lang='grc'><strong>9,</strong></span> <span class='ocrx_word' id='word_1_86' title='bbox 803 2323 841 2383; x_wconf 85' lang='grc'><strong>16</strong></span> <span class='ocrx_word' id='word_1_87' title='bbox 862 2321 1026 2401; x_wconf 75' lang='lat' dir='ltr'><strong>Chrysalus</strong></span> <span class='ocrx_word' id='word_1_88' title='bbox 1043 2341 1156 2386; x_wconf 82' lang='lat' dir='ltr'><strong>servus</strong></span> 
     </span>
     <span class='ocr_line' id='line_1_16' title="bbox 173 2431 1155 2514; baseline 0 -20"><span class='ocrx_word' id='word_1_89' title='bbox 173 2452 207 2494; x_wconf 90' lang='lat' dir='ltr'><strong>se</strong></span> <span class='ocrx_word' id='word_1_90' title='bbox 229 2433 331 2512; x_wconf 91' lang='lat' dir='ltr'><strong>ipsum</strong></span> <span class='ocrx_word' id='word_1_91' title='bbox 354 2431 491 2510; x_wconf 76' lang='lat' dir='ltr'><strong>Ulyssem</strong></span> <span class='ocrx_word' id='word_1_92' title='bbox 517 2433 670 2514; x_wconf 79' lang='lat' dir='ltr'><strong>appellet,</strong></span> <span class='ocrx_word' id='word_1_93' title='bbox 701 2439 812 2513; x_wconf 76' lang='lat' dir='ltr'><strong>utpote</strong></span> <span class='ocrx_word' id='word_1_94' title='bbox 829 2432 920 2512; x_wconf 87' lang='lat' dir='ltr'><strong>oujus</strong></span> <span class='ocrx_word' id='word_1_95' title='bbox 937 2431 1070 2494; x_wconf 89' lang='lat' dir='ltr'><strong>oonsilio</strong></span> <span class='ocrx_word' id='word_1_96' title='bbox 1085 2452 1155 2494; x_wconf 88' lang='lat' dir='ltr'><strong>om·</strong></span> 
     </span>
     <span class='ocr_line' id='line_1_17' title="bbox 174 2540 1157 2621; baseline 0.007 -22"><span class='ocrx_word' id='word_1_97' title='bbox 174 2540 227 2600; x_wconf 86' lang='lat' dir='ltr'><strong>nia</strong></span> <span class='ocrx_word' id='word_1_98' title='bbox 258 2548 432 2620; x_wconf 76' lang='lat' dir='ltr'><strong>geruntur:</strong></span> <span class='ocrx_word' id='word_1_99' title='bbox 470 2540 519 2604; x_wconf 88' lang='lat' dir='ltr'><strong>off.</strong></span> <span class='ocrx_word' id='word_1_100' title='bbox 546 2560 592 2602; x_wconf 82' lang='lat' dir='ltr'><strong>vs.</strong></span> <span class='ocrx_word' id='word_1_101' title='bbox 622 2541 737 2616; x_wconf 85' lang='lat'>1-55,</span> <span class='ocrx_word' id='word_1_102' title='bbox 774 2541 830 2601; x_wconf 87' lang='lat' dir='ltr'><strong>ubi</strong></span> <span class='ocrx_word' id='word_1_103' title='bbox 853 2541 979 2604; x_wconf 77' lang='lat' dir='ltr'><strong>subulae</strong></span> <span class='ocrx_word' id='word_1_104' title='bbox 1004 2561 1157 2621; x_wconf 79' lang='lat' dir='ltr'><strong>personas</strong></span> 
     </span>
     <span class='ocr_line' id='line_1_18' title="bbox 173 2647 742 2729; baseline 0.002 -19"><span class='ocrx_word' id='word_1_105' title='bbox 173 2649 252 2710; x_wconf 87' lang='lat' dir='ltr'><strong>belli</strong></span> <span class='ocrx_word' id='word_1_106' title='bbox 269 2649 395 2729; x_wconf 81' lang='lat' dir='ltr'><strong>Trojani</strong></span> <span class='ocrx_word' id='word_1_107' title='bbox 414 2647 563 2711; x_wconf 86' lang='lat' dir='ltr'><strong>heroibus</strong></span> <span class='ocrx_word' id='word_1_108' title='bbox 583 2649 742 2711; x_wconf 83' lang='lat' dir='ltr'><strong>assimilat.</strong></span> 
     </span>
    </p>

    <p class='ocr_par' dir='ltr' id='par_1_8' title="bbox 173 2756 1158 3275">
     <span class='ocr_line' id='line_1_19' title="bbox 214 2756 1158 2840; baseline 0.003 -21"><span class='ocrx_word' id='word_1_109' title='bbox 214 2760 266 2820; x_wconf 83' lang='lat' dir='ltr'><strong>Vs.</strong></span> <span class='ocrx_word' id='word_1_110' title='bbox 289 2760 318 2821; x_wconf 84' lang='lat'><strong>6.</strong></span> <span class='ocrx_word' id='word_1_111' title='bbox 342 2760 447 2820; x_wconf 74' lang='lat' dir='ltr'><strong>Sarrae</strong></span> <span class='ocrx_word' id='word_1_112' title='bbox 466 2778 501 2818; x_wconf 85' lang='lat' dir='ltr'><strong>ao</strong></span> <span class='ocrx_word' id='word_1_113' title='bbox 519 2756 639 2829; x_wconf 78' lang='lat' dir='ltr'><strong>soloas,</strong></span> <span class='ocrx_word' id='word_1_114' title='bbox 659 2776 737 2835; x_wconf 79' lang='lat' dir='ltr'><strong>quas</strong></span> <span class='ocrx_word' id='word_1_115' title='bbox 755 2759 821 2819; x_wconf 90' lang='lat' dir='ltr'><strong>soil.</strong></span> <span class='ocrx_word' id='word_1_116' title='bbox 843 2759 896 2820; x_wconf 82' lang='lat' dir='ltr'><strong>abs</strong></span> <span class='ocrx_word' id='word_1_117' title='bbox 907 2768 939 2820; x_wconf 86' lang='lat' dir='ltr'><strong>te</strong></span> <span class='ocrx_word' id='word_1_118' title='bbox 947 2759 1158 2840; x_wconf 81' lang='lat' dir='ltr'><strong>stipulatione</strong></span> 
     </span>
     <span class='ocr_line' id='line_1_20' title="bbox 174 2864 1156 2947; baseline 0 -19"><span class='ocrx_word' id='word_1_119' title='bbox 174 2867 314 2940; x_wconf 81' lang='lat' dir='ltr'><strong>auferet,</strong></span> <span class='ocrx_word' id='word_1_120' title='bbox 336 2866 362 2927; x_wconf 89' lang='lat' dir='ltr'><strong>si</strong></span> <span class='ocrx_word' id='word_1_121' title='bbox 380 2865 497 2946; x_wconf 84' lang='lat' dir='ltr'><strong>duplex</strong></span> <span class='ocrx_word' id='word_1_122' title='bbox 515 2864 637 2926; x_wconf 78' lang='lat' dir='ltr'><strong>lacinus</strong></span> <span class='ocrx_word' id='word_1_123' title='bbox 655 2865 811 2927; x_wconf 84' lang='lat' dir='ltr'><strong>effecerit:</strong></span> <span class='ocrx_word' id='word_1_124' title='bbox 831 2866 873 2927; x_wconf 87' lang='lat' dir='ltr'><strong>of.</strong></span> <span class='ocrx_word' id='word_1_125' title='bbox 895 2868 929 2940; x_wconf 94' lang='lat' dir='ltr'><strong>l,</strong></span> <span class='ocrx_word' id='word_1_126' title='bbox 950 2868 985 2942; x_wconf 87' lang='lat'><strong>5,</strong></span> <span class='ocrx_word' id='word_1_127' title='bbox 1010 2866 1068 2926; x_wconf 83' lang='lat'><strong>122</strong></span> <span class='ocrx_word' id='word_1_128' title='bbox 1084 2885 1156 2947; x_wconf 84' lang='lat' dir='ltr'><strong>sqq.</strong></span> 
     </span>
     <span class='ocr_line' id='line_1_21' title="bbox 174 2972 1155 3051; baseline -0.001 -14"><span class='ocrx_word' id='word_1_129' title='bbox 174 2976 238 3037; x_wconf 88' lang='lat' dir='ltr'><strong>lloo</strong></span> <span class='ocrx_word' id='word_1_130' title='bbox 270 2974 466 3036; x_wconf 83' lang='lat' dir='ltr'><strong>confidenter</strong></span> <span class='ocrx_word' id='word_1_131' title='bbox 498 2972 587 3047; x_wconf 89' lang='lat' dir='ltr'><strong>leno,</strong></span> <span class='ocrx_word' id='word_1_132' title='bbox 631 2993 703 3034; x_wconf 86' lang='lat' dir='ltr'><strong>nam</strong></span> <span class='ocrx_word' id='word_1_133' title='bbox 730 2972 845 3035; x_wconf 81' lang='lat' dir='ltr'><strong>tradita</strong></span> <span class='ocrx_word' id='word_1_134' title='bbox 872 2974 976 3036; x_wconf 86' lang='lat' dir='ltr'><strong>oaloni</strong></span> <span class='ocrx_word' id='word_1_135' title='bbox 999 2973 1155 3051; x_wconf 86' lang='lat' dir='ltr'><strong>muliere,</strong></span> 
     </span>
     <span class='ocr_line' id='line_1_22' title="bbox 173 3080 1156 3163; baseline 0.001 -19"><span class='ocrx_word' id='word_1_136' title='bbox 173 3082 428 3163; x_wconf 80' lang='lat' dir='ltr'><strong>vaniloquentise</strong></span> <span class='ocrx_word' id='word_1_137' title='bbox 447 3091 542 3162; x_wconf 80' lang='lat' dir='ltr'><strong>atque</strong></span> <span class='ocrx_word' id='word_1_138' title='bbox 554 3081 729 3163; x_wconf 78' lang='lat' dir='ltr'><strong>jactantiae</strong></span> <span class='ocrx_word' id='word_1_139' title='bbox 746 3083 1000 3146; x_wconf 78' lang='lat' dir='ltr'><strong>insimulatursun</strong></span> <span class='ocrx_word' id='word_1_140' title='bbox 1013 3101 1045 3143; x_wconf 90' lang='lat' dir='ltr'><strong>se</strong></span> <span class='ocrx_word' id='word_1_141' title='bbox 1054 3080 1156 3145; x_wconf 87' lang='lat' dir='ltr'><strong>Pseu-</strong></span> 
     </span>
     <span class='ocr_line' id='line_1_23' title="bbox 176 3191 817 3275; baseline 0.002 -23"><span class='ocrx_word' id='word_1_142' title='bbox 176 3191 282 3254; x_wconf 89' lang='lat' dir='ltr'><strong>dolum</strong></span> <span class='ocrx_word' id='word_1_143' title='bbox 308 3191 475 3273; x_wconf 70' lang='lat' dir='ltr'><strong>geudebet.</strong></span> <span class='ocrx_word' id='word_1_144' title='bbox 814 3270 817 3275; x_wconf 25' lang='grc' dir='ltr'>Ι</span> 
     </span>
    </p>

    <p class='ocr_par' dir='ltr' id='par_1_9' title="bbox 174 3297 1159 4043">
     <span class='ocr_line' id='line_1_24' title="bbox 215 3297 1159 3383; baseline 0 -22"><span class='ocrx_word' id='word_1_145' title='bbox 215 3300 267 3363; x_wconf 87' lang='lat' dir='ltr'><strong>Vs.</strong></span> <span class='ocrx_word' id='word_1_146' title='bbox 297 3304 325 3363; x_wconf 87' lang='lat'><strong>7.</strong></span> <span class='ocrx_word' id='word_1_147' title='bbox 355 3302 409 3363; x_wconf 78' lang='lat' dir='ltr'><strong>obs</strong></span> <span class='ocrx_word' id='word_1_148' title='bbox 431 3312 460 3360; x_wconf 74' lang='lat' dir='ltr'><strong>te</strong></span> <span class='ocrx_word' id='word_1_149' title='bbox 484 3301 560 3360; x_wconf 77' lang='lat' dir='ltr'><strong>inde</strong></span> <span class='ocrx_word' id='word_1_150' title='bbox 578 3309 625 3360; x_wconf 79' lang='lat' dir='ltr'><strong>ert</strong></span> <span class='ocrx_word' id='word_1_151' title='bbox 640 3298 865 3383; x_wconf 76' lang='lat' dir='ltr'><strong>instipulatus.-</strong></span> <span class='ocrx_word' id='word_1_152' title='bbox 894 3300 940 3362; x_wconf 87' lang='lat' dir='ltr'><strong>sio</strong></span> <span class='ocrx_word' id='word_1_153' title='bbox 961 3297 1028 3359; x_wconf 85' lang='lat' dir='ltr'><strong>llss.</strong></span> <span class='ocrx_word' id='word_1_154' title='bbox 1046 3316 1159 3361; x_wconf 83' lang='lat' dir='ltr'><strong>omnes</strong></span> 
     </span>
     <span class='ocr_line' id='line_1_25' title="bbox 175 3406 1156 3488; baseline -0.003 -18"><span class='ocrx_word' id='word_1_155' title='bbox 175 3418 208 3470; x_wconf 85' lang='lat' dir='ltr'><strong>et</strong></span> <span class='ocrx_word' id='word_1_156' title='bbox 234 3409 344 3483; x_wconf 67' lang='lat' dir='ltr'><strong>editt„</strong></span> <span class='ocrx_word' id='word_1_157' title='bbox 380 3411 414 3469; x_wconf 91' lang='lat' dir='ltr'><strong>in</strong></span> <span class='ocrx_word' id='word_1_158' title='bbox 436 3427 500 3488; x_wconf 87' lang='lat' dir='ltr'><strong>quo</strong></span> <span class='ocrx_word' id='word_1_159' title='bbox 527 3418 631 3471; x_wconf 79' lang='lat' dir='ltr'><strong>tamen</strong></span> <span class='ocrx_word' id='word_1_160' title='bbox 648 3408 772 3469; x_wconf 88' lang='lat' dir='ltr'><strong>numeri</strong></span> <span class='ocrx_word' id='word_1_161' title='bbox 791 3407 953 3488; x_wconf 81' lang='lat' dir='ltr'><strong>depravati</strong></span> <span class='ocrx_word' id='word_1_162' title='bbox 970 3406 1086 3468; x_wconf 86' lang='lat' dir='ltr'><strong>merito</strong></span> <span class='ocrx_word' id='word_1_163' title='bbox 1103 3406 1156 3469; x_wconf 78' lang='lat' dir='ltr'><strong>of-</strong></span> 
     </span>
     <span class='ocr_line' id='line_1_26' title="bbox 175 3510 1156 3600; baseline -0.002 -21"><span class='ocrx_word' id='word_1_164' title='bbox 175 3519 346 3581; x_wconf 84' lang='lat' dir='ltr'><strong>fenderunt</strong></span> <span class='ocrx_word' id='word_1_165' title='bbox 372 3517 578 3600; x_wconf 85' lang='lat' dir='ltr'><strong>interpretes,</strong></span> <span class='ocrx_word' id='word_1_166' title='bbox 608 3518 664 3596; x_wconf 89' lang='lat' dir='ltr'><strong>qui</strong></span> <span class='ocrx_word' id='word_1_167' title='bbox 682 3516 848 3578; x_wconf 79' lang='lat' dir='ltr'><strong>emendare</strong></span> <span class='ocrx_word' id='word_1_168' title='bbox 866 3515 986 3590; x_wconf 85' lang='lat' dir='ltr'><strong>eonati,</strong></span> <span class='ocrx_word' id='word_1_169' title='bbox 1017 3514 1074 3577; x_wconf 74' lang='lat' dir='ltr'><strong>alii</strong></span> <span class='ocrx_word' id='word_1_170' title='bbox 1092 3510 1156 3577; x_wconf 72' lang='lat' dir='ltr'><strong>oli-</strong></span> 
     </span>
     <span class='ocr_line' id='line_1_27' title="bbox 174 3623 1156 3708; baseline -0.004 -21"><span class='ocrx_word' id='word_1_171' title='bbox 174 3625 218 3687; x_wconf 89' lang='lat' dir='ltr'><strong>ud</strong></span> <span class='ocrx_word' id='word_1_172' title='bbox 242 3629 456 3708; x_wconf 86' lang='lat' dir='ltr'><strong>protulerunt.</strong></span> <span class='ocrx_word' id='word_1_173' title='bbox 499 3630 616 3690; x_wconf 84' lang='lat' dir='ltr'><strong>Gamer.</strong></span> <span class='ocrx_word' id='word_1_174' title='bbox 643 3628 761 3686; x_wconf 76' lang='lat' dir='ltr'><strong>ind’est</strong></span> <span class='ocrx_word' id='word_1_175' title='bbox 785 3624 966 3708; x_wconf 75' lang='lat' dir='ltr'><strong>stipulatus,</strong></span> <span class='ocrx_word' id='word_1_176' title='bbox 996 3623 1083 3703; x_wconf 90' lang='lat' dir='ltr'><strong>quod</strong></span> <span class='ocrx_word' id='word_1_177' title='bbox 1099 3643 1156 3708; x_wconf 83' lang='lat' dir='ltr'><strong>re·</strong></span> 
     </span>
     <span class='ocr_line' id='line_1_28' title="bbox 174 3729 1156 3816; baseline -0.004 -19"><span class='ocrx_word' id='word_1_178' title='bbox 174 3733 258 3815; x_wconf 86' lang='lat' dir='ltr'><strong>oepit</strong></span> <span class='ocrx_word' id='word_1_179' title='bbox 287 3734 412 3812; x_wconf 78' lang='lat' dir='ltr'>Lamb.;</span> <span class='ocrx_word' id='word_1_180' title='bbox 443 3735 616 3798; x_wconf 79' lang='lat' dir='ltr'><strong>Seriverius</strong></span> <span class='ocrx_word' id='word_1_181' title='bbox 647 3735 702 3797; x_wconf 80' lang='lat' dir='ltr'><strong>obs</strong></span> <span class='ocrx_word' id='word_1_182' title='bbox 723 3745 752 3793; x_wconf 78' lang='lat' dir='ltr'><strong>te</strong></span> <span class='ocrx_word' id='word_1_183' title='bbox 771 3732 1033 3816; x_wconf 76' lang='lat' dir='ltr'><strong>indostipolotor,</strong></span> <span class='ocrx_word' id='word_1_184' title='bbox 1065 3729 1156 3811; x_wconf 88' lang='lat' dir='ltr'><strong>quod</strong></span> 
     </span>
     <span class='ocr_line' id='line_1_29' title="bbox 174 3837 1154 3926; baseline -0.006 -22"><span class='ocrx_word' id='word_1_185' title='bbox 174 3843 308 3926; x_wconf 78' lang='lat' dir='ltr'><strong>probans</strong></span> <span class='ocrx_word' id='word_1_186' title='bbox 336 3843 444 3918; x_wconf 87' lang='lat' dir='ltr'><strong>Both.,</strong></span> <span class='ocrx_word' id='word_1_187' title='bbox 479 3855 582 3906; x_wconf 83' lang='lat' dir='ltr'><strong>tamen</strong></span> <span class='ocrx_word' id='word_1_188' title='bbox 612 3851 760 3924; x_wconf 80' lang='lat' dir='ltr'><strong>usurpato</strong></span> <span class='ocrx_word' id='word_1_189' title='bbox 787 3840 877 3903; x_wconf 84' lang='lat' dir='ltr'><strong>tmesi</strong></span> <span class='ocrx_word' id='word_1_190' title='bbox 905 3840 1025 3903; x_wconf 72' lang='lat' dir='ltr'><strong>mavult</strong></span> <span class='ocrx_word' id='word_1_191' title='bbox 1045 3837 1100 3900; x_wconf 82' lang='lat' dir='ltr'><strong>obs</strong></span> <span class='ocrx_word' id='word_1_192' title='bbox 1121 3848 1154 3898; x_wconf 77' lang='lat' dir='ltr'><strong>te</strong></span> 
     </span>
     <span class='ocr_line' id='line_1_30' title="bbox 174 3946 1154 4043; baseline -0.003 -31"><span class='ocrx_word' id='word_1_193' title='bbox 174 3953 254 4014; x_wconf 76' lang='lat' dir='ltr'><strong>indo</strong></span> <span class='ocrx_word' id='word_1_194' title='bbox 283 3946 330 4043; x_wconf 77' lang='lat' dir='ltr'><strong>s&#39;st</strong></span> <span class='ocrx_word' id='word_1_195' title='bbox 356 3953 448 4034; x_wconf 72' lang='lat' dir='ltr'><strong>stip:</strong></span> <span class='ocrx_word' id='word_1_196' title='bbox 478 3952 532 4012; x_wconf 87' lang='lat' dir='ltr'><strong>sed</strong></span> <span class='ocrx_word' id='word_1_197' title='bbox 559 3953 640 4014; x_wconf 76' lang='lat' dir='ltr'><strong>indo</strong></span> <span class='ocrx_word' id='word_1_198' title='bbox 659 3969 717 4033; x_wconf 91' lang='lat' dir='ltr'><strong>pro</strong></span> <span class='ocrx_word' id='word_1_199' title='bbox 735 3952 814 4011; x_wconf 79' lang='lat' dir='ltr'><strong>eodo</strong></span> <span class='ocrx_word' id='word_1_200' title='bbox 834 3948 885 4011; x_wconf 86' lang='lat' dir='ltr'><strong>vel</strong></span> <span class='ocrx_word' id='word_1_201' title='bbox 904 3949 958 4028; x_wconf 72' lang='lat' dir='ltr'><strong>iss,</strong></span> <span class='ocrx_word' id='word_1_202' title='bbox 992 3958 1090 4027; x_wconf 85' lang='lat' dir='ltr'><strong>quum</strong></span> <span class='ocrx_word' id='word_1_203' title='bbox 1110 3967 1154 4009; x_wconf 87' lang='lat' dir='ltr'><strong>ne</strong></span> 
     </span>
    </p>
   </div>
   <div class='ocr_carea' id='block_1_8' title="bbox 0 0 1341 5146">
    <p class='ocr_par' dir='ltr' id='par_1_10' title="bbox 0 0 1341 5146">
     <span class='ocr_line' id='line_1_31' title="bbox 0 0 1341 5146; baseline 0 0"><span class='ocrx_word' id='word_1_204' title='bbox 0 0 1341 5146; x_wconf 95' lang='lat' dir='ltr'><strong> </strong></span> 
     </span>
    </p>
   </div>
  </div>
 </body>
</html>
