2670 5146
633 384 704 459 111

244 624 465 694 confidentia
488 637 540 690 est
558 627 715 691 inimicos
728 647 819 692 meos
831 648 883 695 me
893 653 994 716 posse
1005 634 1156 718 perdere.

251 739 285 806 N
287 764 350 808 unc
362 740 418 806 ibo
431 740 593 807 odiorum
606 785 616 817 ‚
640 754 740 827 atque
753 742 895 808 onerabo
906 747 991 810 meis
1002 769 1160 835 praecep·

932 863 979 924 tis
993 860 1134 927 Simiam
1147 910 1157 942 ‚

187 975 242 1039 ⁷5.
256 971 349 1048 Quid
373 984 472 1058 agat,
497 991 539 1035 ne
563 969 645 1056 quid
657 968 779 1034 titubet
792 1013 803 1048 ,
826 971 921 1038 docte
933 987 970 1037 ut
981 973 1065 1039 hauc
1075 977 1163 1041 ferat

978 1087 1160 1155 fallaciam.

248 1202 323 1267 Jam
346 1224 407 1290 ego
431 1201 492 1266 hoc
518 1203 629 1288 ipsum
649 1200 808 1287 oppidum
829 1216 1056 1289 expugnatum
1078 1206 1161 1269 faxo

897 1318 963 1403 erit
975 1316 1157 1384 lenonium.

295 1543 447 1614 ACTUS
471 1539 675 1611 TERTIUS
701 1538 853 1606 SCENA
875 1541 1040 1611 PRIMA.

517 1766 520 1770 .
619 1737 723 1781 PUER·

244 1875 310 1944 Cui
332 1875 531 1940 servitutem
553 1869 602 1936 Di
625 1869 750 1933 danunt
770 1868 939 1936 lenonium

247 1993 380 2070 Puero,
406 2002 507 2076 utque
531 1986 641 2052 eidem
664 1987 697 2049 si
718 1984 844 2050 addunt
868 1988 1131 2073 turpitudinem,

268 2163 310 2215 76.
329 2161 501 2211 lenocinium.
539 2157 563 2210 1.
582 2159 628 2208 cui
643 2158 804 2207 servientem
820 2159 871 2210 dii.
889 2160 915 2210 d.
933 2159 1032 2214 lencm.

177 2358 213 2407 et
244 2337 385 2405 bochoris
422 2343 531 2402 dentre
557 2339 686 2400 meliore
713 2341 816 2424 videri
842 2341 986 2417 affirmat,
1027 2344 1156 2406 Romani

141 2497 144 2504 ·
178 2466 283 2518 tamen
312 2451 485 2513 innumeris
514 2449 591 2510 loeis
626 2449 665 2510 nd
698 2449 875 2530 exemplum
902 2451 1089 2513 Graecorum
1112 2455 1155 2515 si·

179 2565 280 2624 nistra
295 2561 475 2624 hahuerunt
491 2558 644 2631 infausta,
667 2577 697 2619 v.
719 2578 748 2619 c.
767 2558 891 2638 quando
908 2560 1075 2640 scriptores
1092 2562 1154 2624 Ro·

181 2672 266 2735 mani
292 2672 423 2731 Graecos
445 2668 618 2728 inducunt:
650 2667 691 2728 cf.
721 2667 809 2728 Ovid.
836 2669 906 2728 Hor.
933 2670 962 2729 2.
993 2670 1067 2743 115,
1100 2672 1156 2733 ubi

182 2781 293 2843 ovibus
313 2780 455 2839 sinistris
475 2778 508 2837 in
528 2776 640 2837 malem
657 2784 789 2856 partem.
831 2776 959 2837 Plautus
977 2777 1077 2856 igitur
1095 2779 1155 2840 im·

182 2910 317 2964 memor,
367 2887 452 2968 quod
488 2885 573 2947 haud
609 2904 698 2958 raro,
739 2903 884 2964 personas
910 2904 979 2946 suas
1003 2906 1095 2966 agere
1121 2888 1156 2948 in

184 2999 330 3071 Graecia,
369 2997 404 3056 in
427 2997 540 3058 bonam
559 3003 681 3075 pentem
700 2992 804 3076 utitur
824 2993 876 3050 oei
896 2994 1037 3053 sinistra.
1080 2996 1158 3057 Hinc

178 3108 312 3168 fortasse
341 3126 466 3178 scaevo,
508 3122 590 3182 quse
615 3100 743 3182 proprie
772 3109 818 3160 cst
837 3119 909 3180 purs
928 3100 1070 3175 sinistra,
1102 3101 1158 3162 sed

174 3217 325 3297 deinceps
343 3234 401 3296 pro
419 3230 618 3294 quocumque
637 3210 740 3272 omine
760 3208 824 3270 dici
841 3209 959 3288 coepit,
982 3209 1016 3268 in
1034 3219 1152 3273 utrem-

179 3345 245 3406 que
265 3333 386 3405 partem
406 3331 584 3402 usurpetur.

222 3434 273 3494 Vs.
306 3435 353 3494 75.
375 3452 415 3491 ne
436 3431 511 3512 qnid
529 3429 655 3504 titubet,
686 3449 727 3489 ne
746 3447 808 3506 qua
827 3429 861 3488 in
880 3447 915 3488 re
934 3428 1074 3491 incertus
1095 3433 1159 3507 sit,

179 3541 236 3603 rel
263 3561 305 3601 ne
332 3539 411 3619 quid
436 3548 564 3620 peccet:
605 3538 738 3599 titubare
768 3538 852 3598 enim
871 3539 1013 3616 quumvis
1032 3543 1158 3622 proprie

180 3650 278 3730 pedes
306 3650 472 3724 dicuutur,
513 3638 698 3711 translatum
724 3657 828 3711 temen
856 3647 896 3707 de
921 3650 1032 3726 quovis
1052 3670 1160 3712 errore

182 3768 367 3842 usurpatur,
409 3760 503 3821 etium
530 3759 569 3819 de
596 3759 705 3838 lingue
732 3756 869 3820 erranti:
910 3757 950 3818 ei
973 3758 1099 3820 Ruhnk.
1120 3759 1160 3821 ed

188 3867 263 3929 unt.
292 3868 369 3950 Lup.
390 3889 422 3950 p.
446 3869 522 3945 1123
550 3867 708 3929 Westerh.
729 3866 769 3929 ed
788 3869 914 3928 Terent.
935 3867 1043 3928 Heaut.
1065 3869 1100 3940 2,
1123 3869 1158 3941 3,

192 3975 260 4039 120.
280 4007 323 4024 -
343 3976 452 4052 Feret,
485 3974 569 4055 qnod
585 3976 703 4042 hubent
721 3975 788 4039 Mss.
809 3986 843 4038 et
859 3975 1028 4051 editiones,
1058 3975 1160 4036 locum
