2670 5146
724 386 780 466 28

330 641 416 711 Nam
426 637 515 707 mihi
526 633 627 702 hodie
649 629 774 698 natalia
787 631 862 697 dieu
875 644 950 712 est,
974 632 1071 701 decet
1083 657 1160 705 eum
1172 663 1246 709 om·

849 766 909 811 nea
921 768 981 812 vos
994 749 1244 823 concelebrare.

327 875 495 949 Pernam,
521 862 668 943 cellum,
693 860 889 949 glandium,
914 883 1055 943 sumen,
1078 867 1184 935 facito
1205 874 1243 939 in

722 998 808 1064 aque
815 981 972 1062 jaceant:
997 982 1099 1047 satin’
1113 984 1212 1053 antlia
1225 988 1242 1054 i

328 1098 514 1190 Magnifice
534 1095 612 1164 volo
629 1095 719 1161 enim
739 1112 885 1157 summos
897 1094 988 1158 vitea
1001 1097 1179 1184 accipere,
1204 1117 1243 1168 ιιι

817 1205 907 1272 mihi
917 1228 988 1273 rem
1001 1230 1078 1276 ease
1089 1227 1239 1283 reantur.

253 1340 317 1413 35.
329 1334 423 1401 Intro
446 1329 564 1410 abite,
587 1339 686 1415 atque
707 1323 790 1390 haee
802 1324 871 1387 eito
881 1320 1071 1407 celebrate,
1094 1347 1137 1394 ne
1147 1352 1240 1398 mora

375 1452 376 1458 ’
725 1440 1092 1527 quaesit‚eoeuaeum
1102 1449 1237 1530 veniat,

231 1593 233 1601 ⁴
291 1625 296 1632 -
364 1594 408 1645 35.
433 1589 506 1640 ebert
522 1602 598 1655 quae.

261 1765 333 1807 mox
352 1743 440 1807 addit
459 1742 549 1815 leno,
581 1758 615 1800 ee
634 1756 750 1817 coquos
769 1733 996 1815 adducturum:
1027 1739 1115 1799 docta
1132 1749 1237 1803 tamen

260 1874 318 1936 pro
348 1851 521 1934 eleqaotio,
548 1848 664 1931 polite,
695 1846 789 1926 plane
816 1863 994 1906 asennone
1014 1846 1159 1913 Plautino
1179 1852 1236 1912 ab·

259 1962 380 2022 horret.
432 1960 520 2020 Serv.
548 1955 588 2018 ad
616 1954 702 2034 Virg.
730 1951 807 2014 aen.
830 1951 855 2012 I.
885 1953 944 2014 te2
971 1953 1097 2015 videtur
1124 1956 1238 2037 legisse

259 2081 432 2150 unctaque:
465 2075 550 2129 totus
570 2084 678 2127 versus
700 2073 803 2124 tamen
825 2071 948 2122 tentum
967 2073 1105 2125 mutatus
1125 2085 1144 2126 a
1163 2067 1235 2128 vul-

259 2188 332 2259 gato
361 2177 489 2259 prodit,
530 2183 568 2235 ut
594 2173 680 2233 hune
709 2191 748 2230 ex
777 2170 926 2232 Serviano
950 2170 1004 2231 vix
1024 2191 1234 2252 agnoscamus.

263 2286 422 2364 Unctaqee
457 2301 533 2342 vero
560 2300 623 2340 non
651 2287 768 2338 temere
798 2277 1023 2357 rejiciendum:
1064 2301 1127 2341 non
1153 2284 1236 2346 male

260 2393 345 2452 enim
365 2389 499 2471 quadrat
519 2388 559 2448 ad
579 2407 632 2461 ea,
656 2406 800 2467 quaeve.
823 2407 868 2468 sq.
888 2388 1033 2468 legimus.
1074 2389 1151 2451 Vult
1159 2391 1233 2456 leno

171 2521 174 2525 ’
259 2499 363 2562 omnia
386 2499 491 2558 nitere
510 2496 609 2558 natali
628 2515 702 2569 suo,
731 2514 842 2556 servos
856 2516 983 2577 quoque
1002 2507 1039 2558 ut
1058 2518 1091 2559 ae
1111 2508 1233 2580 ungant
1275 2473 1276 2476 Ἴ

252 2608 362 2687 jubet,
404 2605 552 2687 quoniam
579 2604 729 2678 decebat,
772 2625 876 2666 omnes
905 2606 988 2666 diem
1008 2627 1098 2667 suum
1119 2628 1233 2671 conee-

257 2716 392 2778 lebrare.
434 2714 646 2775 Pronunoiare
666 2722 769 2773 tamen
789 2714 823 2772 in
842 2733 878 2772 re
898 2713 994 2774 dubia
1012 2734 1075 2774 non
1096 2714 1206 2777 audeo.

299 2825 349 2884 Vs.
371 2825 420 2885 35.
444 2822 603 2882 celebrate.
645 2820 782 2881 Verbum
802 2820 972 2894 celebrare,
1003 2821 1069 2881 sine
1090 2821 1156 2882 ulla
1174 2835 1243 2884 n0·‘

258 2935 344 2994 tione
373 2931 573 3010 frequentiae
592 2931 644 2991 vel
664 2930 743 2991 faeti
763 2930 896 3008 alicujus
916 2929 1052 2990 solennia
1071 2929 1155 2989 nude
1174 2951 1234 3011 pro

258 3062 395 3115 curare,
436 3041 552 3121 efficere
568 3042 590 3114 ,'
613 3057 781 3116 numquam
817 3038 963 3119 ponitur:
1003 3038 1230 3119 nihilomagis

257 3170 334 3231 opus
354 3159 418 3223 est,
449 3149 610 3210 notionem
629 3148 802 3208 velocitatis
821 3148 852 3207 ei
872 3146 1058 3221 obtrudere,
1082 3158 1119 3208 ut
1137 3168 1229 3230 prae·

257 3267 354 3319 eunte
382 3258 498 3331 Nonio,
542 3257 597 3318 alii
620 3256 818 3318 maluerunt:
850 3257 1014 3328 nimirum,
1044 3275 1088 3316 vs.
1111 3257 1150 3317 32
1180 3256 1230 3317 di·

256 3377 346 3429 xerat
373 3368 464 3440 leno,
502 3386 608 3428 ornnes
636 3386 740 3427 nervos
767 3365 879 3428 deoere
905 3364 1125 3426 concelebrare
1146 3366 1229 3427 diem

255 3496 344 3536 suum
371 3475 525 3537 natalem:
558 3475 643 3553 quod
670 3495 734 3536 non
752 3475 812 3537 hoe
832 3475 917 3550 vult,
948 3485 985 3535 ut
1004 3474 1145 3535 homines
1164 3483 1228 3535 tam

256 3583 395 3664 perditos
423 3604 494 3644 eum
523 3585 649 3645 summis
669 3585 746 3644 viris
765 3585 941 3664 exciperet,
972 3582 1027 3642 aed
1047 3590 1083 3641 ut
1103 3582 1229 3642 summis

254 3691 318 3751 illis
354 3691 430 3751 viris
460 3693 562 3754 omnia
589 3701 768 3767 vomerent,
808 3681 1061 3772 praetergerent,
1104 3697 1226 3749 sterne·

252 3809 339 3874 rent,
380 3810 460 3861 ete:
492 3800 552 3862 hoe
578 3803 670 3864 modo
691 3803 774 3863 servi
793 3800 863 3861 heri
883 3799 966 3861 diem
984 3798 1122 3859 natalem
1142 3799 1226 3859 eele-

250 3909 373 3970 braturi
409 3918 498 3969 sunt:
539 3910 633 3971 talem
671 3913 731 3973 sibi
762 3908 897 3973 animum
924 3927 1006 3982 esse,
1045 3907 1104 3968 hoe
1133 3924 1226 3967 versu

249 4017 412 4081 manifesto
431 4017 636 4099 pronunciat„
