2670 5146
545 472 550 479 1
617 406 695 491 159

173 663 230 725 70.
247 680 306 724 rru-
319 654 426 732 Quam
436 676 517 720 mox
527 655 613 720 mihi
623 676 755 741 operam
768 656 991 728 dasior.'l'ibi
1002 665 1044 730 do
1055 671 1150 756 equi·
1168 753 1171 760 Ι

421 771 507 835 dem.
531 769 622 846 Quid
634 792 721 834 nunc
731 770 818 835 mihi
832 795 866 837 es
880 789 1017 858 auctor,
1032 780 1150 847 simet

239 912 282 954 ar.
305 885 559 974 Exploratorum
581 885 669 950 hunc
691 887 854 953 faciamus
873 880 1151 982 ludoeuppoaiti·

1052 1015 1155 1078 cium.

243 1138 298 1184 ΒΔ.
311 1117 578 1198 Adeo,donicum
589 1119 684 1203 ipsus
697 1141 774 1183 rese
785 1117 882 1186 ludos
896 1120 975 1188 fieri
987 1129 1151 1196 senserit:
1163 1118 1164 1127 ἵ

246 1233 407 1322 Sequere.
432 1231 525 1309 Quid
546 1232 624 1297 aiei
645 1248 775 1320 nempe
788 1247 823 1299 tu
847 1234 945 1301 illius
959 1241 1151 1308 servoseui

854 1371 913 1417 uu.
926 1351 1152 1423 Planiseome.

243 1487 299 1532 au.
323 1464 451 1541 Quanti
462 1478 495 1530 te
506 1463 610 1529 omiti
631 1459 691 1530 rat.
706 1462 1153 1555 Suaruruinpognaviriuru

995 1586 1151 1652 victoria.

248 1696 289 1749 71.
309 1696 461 1763 explorator
478 1702 518 1745 eet
535 1695 561 1745 1.
575 1697 603 1762 s.
622 1695 705 1745 ludet.

220 1837 316 1905 Heio,
349 1836 468 1914 iuquit,
499 1844 737 1906 etiamnunc,
769 1835 975 1914 quodcumque
995 1848 1041 1897 eet
1060 1839 1151 1902 lucri.

178 1946 221 2007 ci.
243 1945 357 2008 Erasm.
380 1941 476 2022 Adag.
499 1941 578 2002 chit.
601 1940 644 2001 ΙΙ.
668 1941 755 2002 Ceut.
779 1941 807 2000 1.
829 1961 861 2000 n.
883 1923 932 2003 85.
952 1977 992 1989 -
1014 1947 1153 2010 Malum.-

182 2031 262 2113 ua
278 2051 367 2112 reio.
389 2071 416 2111 a.
439 2051 471 2111 h.
493 2050 515 2109 1.
539 2048 745 2111 colerunt.
767 2048 827 2110 hoc
846 2050 1032 2112 vocaturum
1051 2054 1152 2117 inter-

174 2163 279 2242 Jicere
316 2158 632 2239 interrogationibus,
675 2175 756 2236 quae
784 2177 802 2218 a
830 2177 970 2238 pronom.
999 2161 1152 2244 interrog.

183 2269 359 2349 incipiunt:
397 2267 476 2329 Men.
505 2268 534 2329 5.
565 2265 674 2342 2.12;
704 2265 734 2324 2.
756 2265 785 2326 3.
807 2265 865 2342 39;
897 2262 967 2327 Aul.
989 2268 1017 2329 3.
1040 2269 1069 2328 2.
1094 2270 1150 2344 15,

180 2385 212 2437 et
232 2375 309 2436 alibi
330 2375 460 2455 saepius.
1085 2436 1086 2445 χ

219 2485 270 2544 Vs.
302 2485 351 2544 71.
382 2481 603 2565 exploratorem
627 2481 706 2543 dicit
730 2482 901 2562 Harpagcm
928 2483 1017 2558 leno,
1047 2487 1149 2564 quod,

179 2590 264 2653 haud
292 2610 381 2651 secus
409 2567 445 2652 ac
465 2573 536 2664 ille,
566 2589 622 2667 qui
642 2589 841 2651 inimicorum
860 2601 960 2653 castra
979 2591 1152 2672 perlustra·

181 2710 250 2774 tur,
284 2709 316 2759 et
342 2708 534 2779 aucupatur,
567 2698 592 2758 si
621 2697 698 2775 quid
719 2697 824 2759 damni
843 2699 881 2758 iis
899 2699 1018 2761 inferre
1037 2702 1150 2781 possit,

128 2865 130 2868 ,
180 2809 314 2869 militem
350 2807 518 2868 calatorem
552 2806 750 2868 existimabat
777 2806 1015 2884 circumeam,
1057 2820 1093 2871 ut
1122 2831 1155 2872 se

180 2916 287 2997 puella
313 2924 346 2975 et
374 2924 505 2994 urgento
530 2913 801 2975 circumduceret:
841 2915 893 2975 vel
919 2936 1006 2978 more
1035 2937 1090 2979 suo
1117 2920 1153 2980 ia

181 3025 321 3103 cognatis
340 3021 559 3101 intempestive
579 3021 703 3083 sociatis
719 3022 863 3100 joculum
879 3025 1043 3101 quemdam
1056 3046 1152 3089 vena·

180 3147 248 3208 tus,
271 3133 492 3215 exploratorem
512 3130 605 3203 dicit,
630 3131 705 3208 quia
725 3131 958 3212 suppositicium
973 3133 1064 3193 illum
1080 3155 1150 3196 oro·

181 3242 286 3304 debat.
313 3273 355 3286 -
382 3240 544 3301 Faciamus
574 3238 660 3313 lodo,
693 3237 777 3318 quod
797 3237 831 3297 in
849 3238 993 3317 plurimis
1010 3239 1101 3301 libris
1120 3252 1154 3303 ct

180 3349 307 3430 scriptis
334 3356 366 3408 et
396 3346 487 3407 editis
505 3345 643 3426 legitur,
673 3345 835 3407 insolitum
855 3355 918 3421 est,
948 3356 981 3408 et
999 3366 1153 3428 nusquam

182 3458 339 3521 occurrit:
380 3456 466 3517 ludeo
486 3456 596 3535 facere
626 3462 752 3528 contra,
793 3452 877 3534 quod
903 3453 938 3513 in
963 3455 1080 3535 optimo
1099 3456 1153 3520 Mo.

183 3569 267 3630 Cam.
283 3574 318 3628 et
333 3568 367 3627 in
386 3566 439 3628 cd.
456 3564 568 3639 Acad„
589 3572 636 3625 est
653 3583 698 3624 vs.
714 3584 781 3644 eq.;
799 3562 870 3622 Aul.
890 3562 919 3623 2.
938 3563 968 3624 2.
989 3564 1046 3641 75;
1068 3566 1152 3630 Pero.

181 3678 220 3749 5,
249 3675 285 3749 2,
308 3676 367 3754 23;
388 3675 499 3737 Bacch.
517 3676 546 3737 5.
564 3676 591 3736 1.
609 3674 663 3750 115
685 3674 777 3733 Truc.
797 3673 826 3733 1.
846 3671 1154 3736 2.to.a1ihi.Lodo

179 3783 337 3864 quomodo
356 3792 539 3865 corruptum
558 3783 614 3857 sit,
649 3801 740 3842 nemo
759 3800 822 3842 non
841 3779 938 3842 videt.
955 3814 996 3826 —
1078 3830 1082 3836 .

224 3890 274 3951 Vs.
305 3891 353 3952 72.
385 3892 527 3951 donicum
552 3910 610 3971 pro
637 3891 749 3964 donec,
786 3898 823 3949 ut
849 3888 1023 3970 antiquitus
1049 3893 1153 3951 eodum

181 4017 242 4078 pro
260 3999 329 4073 sed,
356 4008 504 4060 monente
522 3997 638 4061 Charis.
680 3997 747 4060 Lib.
766 3997 836 4060 VII.
856 3997 933 4060 Inst.
953 3998 1083 4061 Grumm.
