<?xml version="1.0" encoding="UTF-8"?>
<!DOCTYPE html PUBLIC "-//W3C//DTD XHTML 1.0 Transitional//EN"
    "http://www.w3.org/TR/xhtml1/DTD/xhtml1-transitional.dtd">
<html xmlns="http://www.w3.org/1999/xhtml" xml:lang="en" lang="en">
 <head>
  <title>
</title>
<meta http-equiv="Content-Type" content="text/html;charset=utf-8" />
  <meta name='ocr-system' content='tesseract 3.04.00' />
  <meta name='ocr-capabilities' content='ocr_page ocr_carea ocr_par ocr_line ocrx_word'/>
</head>
<body>
  <div class='ocr_page' id='page_1' title='image "./specimenliterar00plaugoog_0062.png"; bbox 0 0 2716 5152; ppageno 0'>
   <div class='ocr_carea' id='block_1_1' title="bbox 555 424 607 498">
    <p class='ocr_par' dir='ltr' id='par_1_1' title="bbox 555 424 607 498">
     <span class='ocr_line' id='line_1_1' title="bbox 555 424 607 498; baseline -0.019 0"><span class='ocrx_word' id='word_1_1' title='bbox 555 424 607 498; x_wconf 77' lang='lat'><strong>47</strong></span> 
     </span>
    </p>
   </div>
   <div class='ocr_carea' id='block_1_2' title="bbox 101 634 1092 859">
    <p class='ocr_par' dir='ltr' id='par_1_2' title="bbox 101 634 1092 859">
     <span class='ocr_line' id='line_1_2' title="bbox 157 634 1092 752; baseline 0.001 -13"><span class='ocrx_word' id='word_1_2' title='bbox 157 693 208 738; x_wconf 82' lang='lat' dir='ltr'><strong>ss.</strong></span> <span class='ocrx_word' id='word_1_3' title='bbox 223 668 271 735; x_wconf 82' lang='lat' dir='ltr'><strong>At</strong></span> <span class='ocrx_word' id='word_1_4' title='bbox 278 666 384 746; x_wconf 86' lang='lat' dir='ltr'><strong>dabit,</strong></span> <span class='ocrx_word' id='word_1_5' title='bbox 392 663 534 752; x_wconf 84' lang='lat' dir='ltr'><strong>parabit:</strong></span> <span class='ocrx_word' id='word_1_6' title='bbox 543 662 672 752; x_wconf 76' lang='lat' dir='ltr'><strong>aliquot</strong></span> <span class='ocrx_word' id='word_1_7' title='bbox 683 663 746 730; x_wconf 86' lang='lat' dir='ltr'><strong>hos</strong></span> <span class='ocrx_word' id='word_1_8' title='bbox 759 666 833 732; x_wconf 82' lang='lat' dir='ltr'><strong>dier</strong></span> <span class='ocrx_word' id='word_1_9' title='bbox 844 673 1069 742; x_wconf 88' lang='lat' dir='ltr'><strong>mantamodo:</strong></span> <span class='ocrx_word' id='word_1_10' title='bbox 1088 634 1092 641; x_wconf 82' lang='lat'>-</span> 
     </span>
     <span class='ocr_line' id='line_1_3' title="bbox 101 778 1072 859; baseline -0.003 -3"><span class='ocrx_word' id='word_1_11' title='bbox 101 791 155 856; x_wconf 87' lang='grc'><strong>50.</strong></span> <span class='ocrx_word' id='word_1_12' title='bbox 167 785 253 854; x_wconf 91' lang='lat' dir='ltr'><strong>Nam</strong></span> <span class='ocrx_word' id='word_1_13' title='bbox 277 782 334 847; x_wconf 87' lang='lat' dir='ltr'><strong>hio</strong></span> <span class='ocrx_word' id='word_1_14' title='bbox 347 781 383 845; x_wconf 93' lang='lat' dir='ltr'><strong>id</strong></span> <span class='ocrx_word' id='word_1_15' title='bbox 394 782 515 846; x_wconf 90' lang='lat' dir='ltr'><strong>metuit</strong></span> <span class='ocrx_word' id='word_1_16' title='bbox 529 826 540 859; x_wconf 90' lang='lat'><strong><em>‚</em></strong></span> <span class='ocrx_word' id='word_1_17' title='bbox 564 799 607 844; x_wconf 90' lang='lat' dir='ltr'><strong>ne</strong></span> <span class='ocrx_word' id='word_1_18' title='bbox 619 778 714 845; x_wconf 89' lang='lat' dir='ltr'><strong>illam</strong></span> <span class='ocrx_word' id='word_1_19' title='bbox 727 782 852 848; x_wconf 78' lang='lat' dir='ltr'><strong>vendas</strong></span> <span class='ocrx_word' id='word_1_20' title='bbox 863 783 905 848; x_wconf 89' lang='lat' dir='ltr'><strong>ob</strong></span> <span class='ocrx_word' id='word_1_21' title='bbox 918 787 1072 854; x_wconf 82' lang='lat' dir='ltr'><strong>simulta-</strong></span> 
     </span>
    </p>
   </div>
   <div class='ocr_carea' id='block_1_3' title="bbox 96 912 1074 1102">
    <p class='ocr_par' dir='ltr' id='par_1_3' title="bbox 96 912 1074 1102">
     <span class='ocr_line' id='line_1_4' title="bbox 888 912 1072 969; baseline 0.027 -5"><span class='ocrx_word' id='word_1_22' title='bbox 888 912 955 966; x_wconf 88' lang='lat' dir='ltr'><strong>tem</strong></span> <span class='ocrx_word' id='word_1_23' title='bbox 966 924 1072 969; x_wconf 82' lang='lat' dir='ltr'><strong>suam.</strong></span> 
     </span>
     <span class='ocr_line' id='line_1_5' title="bbox 96 1006 1074 1102; baseline 0.008 -27"><span class='ocrx_word' id='word_1_24' title='bbox 96 1040 104 1059; x_wconf 90' lang='lat'><strong>·</strong></span> <span class='ocrx_word' id='word_1_25' title='bbox 161 1036 217 1082; x_wconf 68' lang='lat' dir='ltr'><strong>nn.</strong></span> <span class='ocrx_word' id='word_1_26' title='bbox 240 1012 319 1079; x_wconf 83' lang='lat' dir='ltr'><strong>Fuit</strong></span> <span class='ocrx_word' id='word_1_27' title='bbox 330 1010 462 1077; x_wconf 80' lang='lat' dir='ltr'><strong>occasio</strong></span> <span class='ocrx_word' id='word_1_28' title='bbox 477 1053 488 1089; x_wconf 94' lang='lat'><strong>,</strong></span> <span class='ocrx_word' id='word_1_29' title='bbox 503 1009 535 1073; x_wconf 85' lang='lat' dir='ltr'><strong>si</strong></span> <span class='ocrx_word' id='word_1_30' title='bbox 549 1006 654 1074; x_wconf 86' lang='lat' dir='ltr'><strong>vellet</strong></span> <span class='ocrx_word' id='word_1_31' title='bbox 666 1054 677 1090; x_wconf 90' lang='lat'><strong>,</strong></span> <span class='ocrx_word' id='word_1_32' title='bbox 687 1012 890 1097; x_wconf 84' lang='lat' dir='ltr'><strong>jampridem</strong></span> <span class='ocrx_word' id='word_1_33' title='bbox 902 1030 1074 1102; x_wconf 81' lang='lat' dir='ltr'><strong>argentum</strong></span> 
     </span>
    </p>
   </div>
   <div class='ocr_carea' id='block_1_4' title="bbox 158 1128 1072 1322">
    <p class='ocr_par' dir='ltr' id='par_1_4' title="bbox 158 1128 1072 1322">
     <span class='ocr_line' id='line_1_6' title="bbox 916 1128 1072 1197; baseline 0.026 -4"><span class='ocrx_word' id='word_1_34' title='bbox 916 1141 954 1193; x_wconf 89' lang='lat' dir='ltr'><strong>ut</strong></span> <span class='ocrx_word' id='word_1_35' title='bbox 966 1128 1072 1197; x_wconf 87' lang='lat' dir='ltr'><strong>daret.</strong></span> 
     </span>
     <span class='ocr_line' id='line_1_7' title="bbox 158 1206 1072 1322; baseline 0.002 -12"><span class='ocrx_word' id='word_1_36' title='bbox 158 1266 213 1310; x_wconf 75' lang='lat' dir='ltr'><strong>ca.</strong></span> <span class='ocrx_word' id='word_1_37' title='bbox 239 1214 331 1318; x_wconf 74' lang='lat' dir='ltr'><strong>Quid</strong></span> <span class='ocrx_word' id='word_1_38' title='bbox 343 1284 354 1322; x_wconf 92' lang='lat'>‚</span> <span class='ocrx_word' id='word_1_39' title='bbox 368 1240 478 1306; x_wconf 84' lang='lat' dir='ltr'><strong>sinon</strong></span> <span class='ocrx_word' id='word_1_40' title='bbox 490 1206 621 1304; x_wconf 74' lang='lat' dir='ltr'><strong>habuii</strong></span> <span class='ocrx_word' id='word_1_41' title='bbox 644 1261 699 1306; x_wconf 76' lang='lat' dir='ltr'><strong>ns.</strong></span> <span class='ocrx_word' id='word_1_42' title='bbox 712 1239 885 1307; x_wconf 77' lang='lat' dir='ltr'><strong>Amabasi</strong></span> <span class='ocrx_word' id='word_1_43' title='bbox 900 1243 1072 1312; x_wconf 77' lang='lat' dir='ltr'>invenires</span> 
     </span>
    </p>
   </div>
   <div class='ocr_carea' id='block_1_5' title="bbox 163 1373 1084 1557">
    <p class='ocr_par' dir='ltr' id='par_1_5' title="bbox 163 1373 1084 1557">
     <span class='ocr_line' id='line_1_8' title="bbox 361 1373 1084 1453; baseline 0.01 -32"><span class='ocrx_word' id='word_1_44' title='bbox 361 1448 363 1452; x_wconf 86' lang='lat'>.</span> <span class='ocrx_word' id='word_1_45' title='bbox 898 1373 1084 1453; x_wconf 42' lang='lat' dir='ltr'><strong>mutuom„</strong></span> 
     </span>
     <span class='ocr_line' id='line_1_9' title="bbox 163 1468 1022 1557; baseline 0 -17"><span class='ocrx_word' id='word_1_46' title='bbox 163 1474 218 1540; x_wconf 84' lang='lat' dir='ltr'><strong>Ad</strong></span> <span class='ocrx_word' id='word_1_47' title='bbox 230 1473 396 1537; x_wconf 89' lang='lat' dir='ltr'><strong>danistam</strong></span> <span class='ocrx_word' id='word_1_48' title='bbox 408 1470 607 1550; x_wconf 78' lang='lat' dir='ltr'><strong>devenires,</strong></span> <span class='ocrx_word' id='word_1_49' title='bbox 631 1468 770 1536; x_wconf 81' lang='lat' dir='ltr'><strong>adderes</strong></span> <span class='ocrx_word' id='word_1_50' title='bbox 783 1471 996 1540; x_wconf 85' lang='lat' dir='ltr'><strong>fenuseulum</strong></span> <span class='ocrx_word' id='word_1_51' title='bbox 1010 1521 1022 1557; x_wconf 89' lang='lat'><strong>,</strong></span> 
     </span>
    </p>
   </div>
   <div class='ocr_carea' id='block_1_6' title="bbox 87 1583 1072 1680">
    <p class='ocr_par' dir='ltr' id='par_1_6' title="bbox 87 1583 1072 1680">
     <span class='ocr_line' id='line_1_10' title="bbox 87 1583 1072 1680; baseline -0.001 -24"><span class='ocrx_word' id='word_1_52' title='bbox 87 1602 97 1680; x_wconf 64' lang='lat' dir='ltr'>J</span> <span class='ocrx_word' id='word_1_53' title='bbox 166 1586 516 1676; x_wconf 81' lang='lat' dir='ltr'><strong>Surripnissespatri.</strong></span> <span class='ocrx_word' id='word_1_54' title='bbox 539 1605 591 1651; x_wconf 81' lang='lat' dir='ltr'><strong>ss.</strong></span> <span class='ocrx_word' id='word_1_55' title='bbox 615 1583 810 1673; x_wconf 83' lang='lat' dir='ltr'><strong>Surriperet</strong></span> <span class='ocrx_word' id='word_1_56' title='bbox 819 1585 876 1651; x_wconf 89' lang='lat' dir='ltr'><strong>hio</strong></span> <span class='ocrx_word' id='word_1_57' title='bbox 886 1590 998 1674; x_wconf 82' lang='lat' dir='ltr'><strong>patri,</strong></span> <span class='ocrx_word' id='word_1_58' title='bbox 1013 1612 1072 1656; x_wconf 89' lang='lat' dir='ltr'><strong>au·</strong></span> 
     </span>
    </p>
   </div>
   <div class='ocr_carea' id='block_1_7' title="bbox 96 1702 1071 2000">
    <p class='ocr_par' dir='ltr' id='par_1_7' title="bbox 96 1702 1071 2000">
     <span class='ocr_line' id='line_1_11' title="bbox 856 1702 1071 1771; baseline 0.023 -5"><span class='ocrx_word' id='word_1_59' title='bbox 856 1702 1045 1770; x_wconf 85' lang='lat' dir='ltr'><strong>daoissume</strong></span> <span class='ocrx_word' id='word_1_60' title='bbox 1056 1704 1071 1771; x_wconf 75' lang='lat' dir='ltr'><strong>i</strong></span> 
     </span>
     <span class='ocr_line' id='line_1_12' title="bbox 96 1814 1071 1906; baseline 0 -18"><span class='ocrx_word' id='word_1_61' title='bbox 96 1822 152 1888; x_wconf 87' lang='grc'><strong>55.</strong></span> <span class='ocrx_word' id='word_1_62' title='bbox 164 1817 241 1887; x_wconf 91' lang='lat' dir='ltr'><strong>Non</strong></span> <span class='ocrx_word' id='word_1_63' title='bbox 251 1814 443 1906; x_wconf 81' lang='lat' dir='ltr'><strong>pariendum</strong></span> <span class='ocrx_word' id='word_1_64' title='bbox 455 1828 532 1896; x_wconf 84' lang='lat' dir='ltr'><strong>est,</strong></span> <span class='ocrx_word' id='word_1_65' title='bbox 556 1836 599 1881; x_wconf 90' lang='lat' dir='ltr'><strong>ne</strong></span> <span class='ocrx_word' id='word_1_66' title='bbox 611 1815 693 1904; x_wconf 90' lang='lat' dir='ltr'><strong>qnid</strong></span> <span class='ocrx_word' id='word_1_67' title='bbox 703 1815 794 1882; x_wconf 85' lang='lat' dir='ltr'><strong>reete</strong></span> <span class='ocrx_word' id='word_1_68' title='bbox 803 1830 982 1886; x_wconf 86' lang='lat' dir='ltr'><strong>monstres.</strong></span> <span class='ocrx_word' id='word_1_69' title='bbox 1015 1843 1071 1887; x_wconf 74' lang='lat' dir='ltr'><strong>nn.</strong></span> 
     </span>
     <span class='ocr_line' id='line_1_13' title="bbox 734 1928 1071 2000; baseline 0.012 -4"><span class='ocrx_word' id='word_1_70' title='bbox 734 1928 811 1996; x_wconf 93' lang='lat' dir='ltr'><strong>Non</strong></span> <span class='ocrx_word' id='word_1_71' title='bbox 823 1929 993 1998; x_wconf 87' lang='lat' dir='ltr'><strong>lenonium</strong></span> <span class='ocrx_word' id='word_1_72' title='bbox 1005 1948 1071 2000; x_wconf 83' lang='lat' dir='ltr'><strong>est.</strong></span> 
     </span>
    </p>
   </div>
   <div class='ocr_carea' id='block_1_8' title="bbox 182 2098 1150 2253">
    <p class='ocr_par' dir='ltr' id='par_1_8' title="bbox 182 2098 1150 2253">
     <span class='ocr_line' id='line_1_14' title="bbox 182 2098 1150 2174; baseline -0.004 -15"><span class='ocrx_word' id='word_1_73' title='bbox 182 2107 225 2160; x_wconf 81' lang='lat'><strong>49.</strong></span> <span class='ocrx_word' id='word_1_74' title='bbox 239 2124 271 2174; x_wconf 80' lang='lat' dir='ltr'><strong>p.</strong></span> <span class='ocrx_word' id='word_1_75' title='bbox 291 2106 397 2172; x_wconf 74' lang='lat' dir='ltr'><strong>aliquid</strong></span> <span class='ocrx_word' id='word_1_76' title='bbox 412 2106 440 2157; x_wconf 68' lang='grc'><strong>1..</strong></span> <span class='ocrx_word' id='word_1_77' title='bbox 458 2105 485 2155; x_wconf 85' lang='lat' dir='ltr'><strong>d.</strong></span> <span class='ocrx_word' id='word_1_78' title='bbox 504 2098 613 2153; x_wconf 74' lang='lat' dir='ltr'><strong>moseos</strong></span> <span class='ocrx_word' id='word_1_79' title='bbox 628 2119 665 2154; x_wconf 85' lang='lat' dir='ltr'><strong>m.</strong></span> <span class='ocrx_word' id='word_1_80' title='bbox 700 2103 745 2156; x_wconf 76' lang='lat'><strong>52.</strong></span> <span class='ocrx_word' id='word_1_81' title='bbox 755 2118 819 2170; x_wconf 63' lang='lat' dir='ltr'><strong>jam</strong></span> <span class='ocrx_word' id='word_1_82' title='bbox 835 2103 915 2153; x_wconf 74' lang='lat' dir='ltr'><strong>habes</strong></span> <span class='ocrx_word' id='word_1_83' title='bbox 929 2120 978 2172; x_wconf 89' lang='lat' dir='ltr'><strong>pro</strong></span> <span class='ocrx_word' id='word_1_84' title='bbox 993 2121 1070 2156; x_wconf 83' lang='lat' dir='ltr'><strong>ama·</strong></span> <span class='ocrx_word' id='word_1_85' title='bbox 1148 2151 1150 2163; x_wconf 79' lang='grc'>,</span> 
     </span>
     <span class='ocr_line' id='line_1_15' title="bbox 286 2201 651 2253; baseline 0.003 -3"><span class='ocrx_word' id='word_1_86' title='bbox 286 2201 342 2253; x_wconf 80' lang='lat' dir='ltr'><strong>dar.</strong></span> <span class='ocrx_word' id='word_1_87' title='bbox 359 2227 391 2240; x_wconf 91' lang='lat'>-</span> <span class='ocrx_word' id='word_1_88' title='bbox 410 2201 549 2250; x_wconf 77' lang='lat' dir='ltr'><strong>investirer</strong></span> <span class='ocrx_word' id='word_1_89' title='bbox 565 2205 651 2251; x_wconf 78' lang='lat' dir='ltr'><strong>tuum.</strong></span> 
     </span>
    </p>
   </div>
   <div class='ocr_carea' id='block_1_9' title="bbox 77 2364 1146 4072">
    <p class='ocr_par' dir='ltr' id='par_1_9' title="bbox 135 2364 1066 2453">
     <span class='ocr_line' id='line_1_16' title="bbox 135 2364 1066 2453; baseline 0 -17"><span class='ocrx_word' id='word_1_90' title='bbox 135 2375 186 2437; x_wconf 72' lang='grc'><strong>59.</strong></span> <span class='ocrx_word' id='word_1_91' title='bbox 227 2364 363 2452; x_wconf 66' lang='lat' dir='ltr'><strong>Recepi,⁴</strong></span> <span class='ocrx_word' id='word_1_92' title='bbox 392 2388 486 2450; x_wconf 85' lang='lat' dir='ltr'><strong>quam</strong></span> <span class='ocrx_word' id='word_1_93' title='bbox 505 2377 539 2430; x_wconf 87' lang='lat' dir='ltr'><strong>et</strong></span> <span class='ocrx_word' id='word_1_94' title='bbox 558 2369 652 2430; x_wconf 86' lang='lat' dir='ltr'><strong>Gron.</strong></span> <span class='ocrx_word' id='word_1_95' title='bbox 674 2367 772 2430; x_wconf 88' lang='lat' dir='ltr'><strong>editio</strong></span> <span class='ocrx_word' id='word_1_96' title='bbox 792 2368 907 2446; x_wconf 84' lang='lat' dir='ltr'><strong>hahet,</strong></span> <span class='ocrx_word' id='word_1_97' title='bbox 940 2374 1066 2453; x_wconf 78' lang='lat' dir='ltr'><strong>conjec-</strong></span> 
     </span>
    </p>

    <p class='ocr_par' dir='ltr' id='par_1_10' title="bbox 96 2478 669 2562">
     <span class='ocr_line' id='line_1_17' title="bbox 96 2478 669 2562; baseline -0.012 -16"><span class='ocrx_word' id='word_1_98' title='bbox 96 2494 202 2546; x_wconf 84' lang='lat' dir='ltr'><strong>turam</strong></span> <span class='ocrx_word' id='word_1_99' title='bbox 224 2480 361 2562; x_wconf 87' lang='lat' dir='ltr'><strong>Scioppii</strong></span> <span class='ocrx_word' id='word_1_100' title='bbox 381 2480 508 2560; x_wconf 75' lang='lat' dir='ltr'><strong>aliquot.</strong></span> <span class='ocrx_word' id='word_1_101' title='bbox 549 2478 669 2558; x_wconf 75' lang='lat' dir='ltr'><strong>Vulgo:</strong></span> 
     </span>
    </p>

    <p class='ocr_par' dir='ltr' id='par_1_11' title="bbox 77 2570 1146 3102">
     <span class='ocr_line' id='line_1_18' title="bbox 77 2570 1031 2671; baseline 0.003 -20"><span class='ocrx_word' id='word_1_102' title='bbox 77 2570 86 2585; x_wconf 37' lang='lat'>³</span> <span class='ocrx_word' id='word_1_103' title='bbox 157 2589 200 2651; x_wconf 79' lang='lat' dir='ltr'><strong>At</strong></span> <span class='ocrx_word' id='word_1_104' title='bbox 220 2589 320 2662; x_wconf 75' lang='lat' dir='ltr'><strong>dabit,</strong></span> <span class='ocrx_word' id='word_1_105' title='bbox 339 2587 467 2671; x_wconf 78' lang='lat' dir='ltr'><strong>parabit</strong></span> <span class='ocrx_word' id='word_1_106' title='bbox 486 2586 608 2667; x_wconf 75' lang='lat' dir='ltr'><strong>aliquid</strong></span> <span class='ocrx_word' id='word_1_107' title='bbox 627 2586 783 2661; x_wconf 78' lang='lat' dir='ltr'><strong>hoediee,</strong></span> <span class='ocrx_word' id='word_1_108' title='bbox 807 2597 915 2649; x_wconf 77' lang='lat' dir='ltr'><strong>moreto</strong></span> <span class='ocrx_word' id='word_1_109' title='bbox 935 2592 1031 2654; x_wconf 83' lang='lat' dir='ltr'><strong>modo.</strong></span> 
     </span>
     <span class='ocr_line' id='line_1_19' title="bbox 97 2695 1069 2781; baseline -0.002 -17"><span class='ocrx_word' id='word_1_110' title='bbox 97 2704 215 2764; x_wconf 83' lang='lat' dir='ltr'><strong>Camer.</strong></span> <span class='ocrx_word' id='word_1_111' title='bbox 237 2719 295 2780; x_wconf 82' lang='lat' dir='ltr'><strong>pro</strong></span> <span class='ocrx_word' id='word_1_112' title='bbox 315 2697 438 2778; x_wconf 75' lang='lat' dir='ltr'><strong>aliquid</strong></span> <span class='ocrx_word' id='word_1_113' title='bbox 456 2696 491 2756; x_wconf 82' lang='lat' dir='ltr'><strong>in&#39;</strong></span> <span class='ocrx_word' id='word_1_114' title='bbox 511 2696 574 2757; x_wconf 88' lang='lat' dir='ltr'><strong>suis</strong></span> <span class='ocrx_word' id='word_1_115' title='bbox 594 2695 684 2756; x_wconf 89' lang='lat' dir='ltr'><strong>libris</strong></span> <span class='ocrx_word' id='word_1_116' title='bbox 704 2695 784 2776; x_wconf 79' lang='lat' dir='ltr'><strong>legit</strong></span> <span class='ocrx_word' id='word_1_117' title='bbox 804 2696 943 2777; x_wconf 83' lang='lat' dir='ltr'><strong>aliquod,</strong></span> <span class='ocrx_word' id='word_1_118' title='bbox 968 2720 986 2760; x_wconf 89' lang='lat' dir='ltr'><strong>e</strong></span> <span class='ocrx_word' id='word_1_119' title='bbox 1006 2722 1069 2781; x_wconf 91' lang='lat' dir='ltr'><strong>quo</strong></span> 
     </span>
     <span class='ocr_line' id='line_1_20' title="bbox 97 2803 1066 2884; baseline 0.002 -14"><span class='ocrx_word' id='word_1_120' title='bbox 97 2829 189 2870; x_wconf 83' lang='lat' dir='ltr'><strong>auum</strong></span> <span class='ocrx_word' id='word_1_121' title='bbox 217 2807 345 2868; x_wconf 84' lang='lat' dir='ltr'><strong>videtur</strong></span> <span class='ocrx_word' id='word_1_122' title='bbox 371 2805 526 2865; x_wconf 82' lang='lat' dir='ltr'><strong>invenisse</strong></span> <span class='ocrx_word' id='word_1_123' title='bbox 556 2803 735 2884; x_wconf 84' lang='lat' dir='ltr'><strong>Scioppius3</strong></span> <span class='ocrx_word' id='word_1_124' title='bbox 769 2803 894 2865; x_wconf 81' lang='lat' dir='ltr'><strong>firmant</strong></span> <span class='ocrx_word' id='word_1_125' title='bbox 922 2808 1014 2870; x_wconf 88' lang='lat' dir='ltr'><strong>True.</strong></span> <span class='ocrx_word' id='word_1_126' title='bbox 1036 2811 1066 2872; x_wconf 77' lang='lat' dir='ltr'><strong>d.</strong></span> 
     </span>
     <span class='ocr_line' id='line_1_21' title="bbox 99 2913 1073 2996; baseline 0 -18"><span class='ocrx_word' id='word_1_127' title='bbox 99 2918 131 2979; x_wconf 73' lang='lat' dir='ltr'><strong>d.</strong></span> <span class='ocrx_word' id='word_1_128' title='bbox 155 2917 203 2977; x_wconf 88' lang='grc'><strong>19.</strong></span> <span class='ocrx_word' id='word_1_129' title='bbox 225 2915 278 2976; x_wconf 75' lang='lat' dir='ltr'><strong>hoe</strong></span> <span class='ocrx_word' id='word_1_130' title='bbox 295 2915 361 2975; x_wconf 81' lang='lat' dir='ltr'><strong>dies</strong></span> <span class='ocrx_word' id='word_1_131' title='bbox 378 2914 518 2995; x_wconf 78' lang='lat' dir='ltr'><strong>aliquos3</strong></span> <span class='ocrx_word' id='word_1_132' title='bbox 538 2913 618 2974; x_wconf 82' lang='lat' dir='ltr'><strong>Mon.</strong></span> <span class='ocrx_word' id='word_1_133' title='bbox 641 2914 670 2975; x_wconf 89' lang='lat'><strong>5.</strong></span> <span class='ocrx_word' id='word_1_134' title='bbox 692 2914 722 2975; x_wconf 87' lang='lat'><strong>5.</strong></span> <span class='ocrx_word' id='word_1_135' title='bbox 744 2913 794 2973; x_wconf 83' lang='lat' dir='ltr'><strong>t7.</strong></span> <span class='ocrx_word' id='word_1_136' title='bbox 817 2913 936 2994; x_wconf 71' lang='lat' dir='ltr'><strong>aliquos</strong></span> <span class='ocrx_word' id='word_1_137' title='bbox 953 2917 1073 2996; x_wconf 67' lang='lat' dir='ltr'><strong>viginti</strong></span> 
     </span>
     <span class='ocr_line' id='line_1_22' title="bbox 102 3019 1146 3102; baseline 0.002 -17"><span class='ocrx_word' id='word_1_138' title='bbox 102 3023 191 3099; x_wconf 50' lang='lat' dir='ltr'><strong>dieu</strong></span> <span class='ocrx_word' id='word_1_139' title='bbox 214 3022 355 3102; x_wconf 83' lang='lat' dir='ltr'><strong>huj.soh.</strong></span> <span class='ocrx_word' id='word_1_140' title='bbox 380 3023 407 3082; x_wconf 92' lang='lat'><strong>1.</strong></span> <span class='ocrx_word' id='word_1_141' title='bbox 431 3022 459 3082; x_wconf 90' lang='lat'><strong>1.</strong></span> <span class='ocrx_word' id='word_1_142' title='bbox 482 3023 510 3082; x_wconf 88' lang='lat'><strong>7.</strong></span> <span class='ocrx_word' id='word_1_143' title='bbox 532 3021 601 3100; x_wconf 90' lang='lat' dir='ltr'><strong>huj.</strong></span> <span class='ocrx_word' id='word_1_144' title='bbox 623 3041 665 3081; x_wconf 90' lang='lat' dir='ltr'><strong>se.</strong></span> <span class='ocrx_word' id='word_1_145' title='bbox 687 3021 794 3080; x_wconf 74' lang='lat' dir='ltr'><strong>vam.</strong></span> <span class='ocrx_word' id='word_1_146' title='bbox 816 3019 895 3081; x_wconf 83' lang='lat' dir='ltr'><strong>Men.</strong></span> <span class='ocrx_word' id='word_1_147' title='bbox 919 3022 946 3082; x_wconf 91' lang='lat'><strong>1.</strong></span> <span class='ocrx_word' id='word_1_148' title='bbox 970 3024 998 3084; x_wconf 92' lang='lat'><strong>1.</strong></span> <span class='ocrx_word' id='word_1_149' title='bbox 1019 3026 1070 3088; x_wconf 81' lang='lat'><strong>28.</strong></span> <span class='ocrx_word' id='word_1_150' title='bbox 1144 3083 1146 3087; x_wconf 89' lang='lat'><em>.</em></span> 
     </span>
    </p>

    <p class='ocr_par' dir='ltr' id='par_1_12' title="bbox 101 3125 1070 3321">
     <span class='ocr_line' id='line_1_23' title="bbox 143 3125 1070 3213; baseline -0.001 -20"><span class='ocrx_word' id='word_1_151' title='bbox 143 3132 194 3193; x_wconf 81' lang='lat' dir='ltr'><strong>Vs.</strong></span> <span class='ocrx_word' id='word_1_152' title='bbox 216 3132 265 3193; x_wconf 85' lang='lat'><strong>52.</strong></span> <span class='ocrx_word' id='word_1_153' title='bbox 294 3129 425 3191; x_wconf 74' lang='lat' dir='ltr'><strong>amabor.</strong></span> <span class='ocrx_word' id='word_1_154' title='bbox 454 3129 520 3190; x_wconf 76' lang='lat' dir='ltr'><strong>Mss,</strong></span> <span class='ocrx_word' id='word_1_155' title='bbox 550 3128 697 3213; x_wconf 75' lang='lat' dir='ltr'><strong>nonnulli</strong></span> <span class='ocrx_word' id='word_1_156' title='bbox 716 3137 750 3188; x_wconf 81' lang='lat' dir='ltr'><strong>et</strong></span> <span class='ocrx_word' id='word_1_157' title='bbox 764 3125 860 3211; x_wconf 71' lang='lat' dir='ltr'><strong>editt.</strong></span> <span class='ocrx_word' id='word_1_158' title='bbox 882 3131 956 3209; x_wconf 83' lang='lat' dir='ltr'><strong>jam</strong></span> <span class='ocrx_word' id='word_1_159' title='bbox 977 3131 1070 3192; x_wconf 77' lang='lat' dir='ltr'><strong>dode·</strong></span> 
     </span>
     <span class='ocr_line' id='line_1_24' title="bbox 101 3215 980 3321; baseline -0.005 -21"><span class='ocrx_word' id='word_1_160' title='bbox 101 3262 170 3315; x_wconf 82' lang='lat' dir='ltr'><strong>res,</strong></span> <span class='ocrx_word' id='word_1_161' title='bbox 194 3239 279 3321; x_wconf 88' lang='lat' dir='ltr'><strong>quod</strong></span> <span class='ocrx_word' id='word_1_162' title='bbox 297 3239 380 3300; x_wconf 85' lang='lat' dir='ltr'><strong>sorte</strong></span> <span class='ocrx_word' id='word_1_163' title='bbox 397 3239 657 3319; x_wconf 79' lang='lat' dir='ltr'><strong>amplectendum.</strong></span> <span class='ocrx_word' id='word_1_164' title='bbox 953 3215 955 3219; x_wconf 31' lang='lat'><em>⁷</em></span> <span class='ocrx_word' id='word_1_165' title='bbox 975 3297 980 3305; x_wconf 75' lang='grc'><strong><em>,</em></strong></span> 
     </span>
    </p>

    <p class='ocr_par' dir='ltr' id='par_1_13' title="bbox 103 3337 1070 3529">
     <span class='ocr_line' id='line_1_25' title="bbox 142 3337 1070 3427; baseline 0.004 -19"><span class='ocrx_word' id='word_1_166' title='bbox 142 3348 195 3409; x_wconf 80' lang='lat' dir='ltr'><strong>Vs.</strong></span> <span class='ocrx_word' id='word_1_167' title='bbox 217 3349 265 3410; x_wconf 85' lang='lat'><strong>53.</strong></span> <span class='ocrx_word' id='word_1_168' title='bbox 279 3347 498 3426; x_wconf 70' lang='lat' dir='ltr'><strong>semermium,</strong></span> <span class='ocrx_word' id='word_1_169' title='bbox 519 3366 582 3408; x_wconf 91' lang='lat' dir='ltr'><strong>non</strong></span> <span class='ocrx_word' id='word_1_170' title='bbox 594 3344 837 3427; x_wconf 78' lang='lat' dir='ltr'><strong>soeooeortlum:</strong></span> <span class='ocrx_word' id='word_1_171' title='bbox 856 3337 921 3406; x_wconf 73' lang='lat' dir='ltr'><strong>rid.</strong></span> <span class='ocrx_word' id='word_1_172' title='bbox 942 3347 1070 3412; x_wconf 84' lang='lat' dir='ltr'><strong>Ruhnk.</strong></span> 
     </span>
     <span class='ocr_line' id='line_1_26' title="bbox 103 3454 570 3529; baseline -0.011 -10"><span class='ocrx_word' id='word_1_173' title='bbox 103 3455 145 3519; x_wconf 89' lang='lat' dir='ltr'><strong>ad</strong></span> <span class='ocrx_word' id='word_1_174' title='bbox 165 3457 235 3519; x_wconf 84' lang='lat' dir='ltr'><strong>Ter.</strong></span> <span class='ocrx_word' id='word_1_175' title='bbox 256 3456 378 3517; x_wconf 90' lang='lat' dir='ltr'><strong>Phorm.</strong></span> <span class='ocrx_word' id='word_1_176' title='bbox 400 3456 436 3529; x_wconf 80' lang='lat'><strong>2,</strong></span> <span class='ocrx_word' id='word_1_177' title='bbox 462 3455 496 3529; x_wconf 93' lang='lat' dir='ltr'><strong>l,</strong></span> <span class='ocrx_word' id='word_1_178' title='bbox 522 3454 570 3515; x_wconf 91' lang='grc'><strong>71.</strong></span> 
     </span>
    </p>

    <p class='ocr_par' dir='ltr' id='par_1_14' title="bbox 104 3560 1076 4072">
     <span class='ocr_line' id='line_1_27' title="bbox 148 3560 1074 3646; baseline 0.004 -22"><span class='ocrx_word' id='word_1_179' title='bbox 148 3564 198 3625; x_wconf 80' lang='lat' dir='ltr'><strong>Vs.</strong></span> <span class='ocrx_word' id='word_1_180' title='bbox 221 3565 270 3626; x_wconf 85' lang='lat'><strong>55.</strong></span> <span class='ocrx_word' id='word_1_181' title='bbox 291 3584 356 3624; x_wconf 80' lang='lat' dir='ltr'><strong>ooo</strong></span> <span class='ocrx_word' id='word_1_182' title='bbox 369 3562 543 3646; x_wconf 78' lang='lat' dir='ltr'><strong>perieulum</strong></span> <span class='ocrx_word' id='word_1_183' title='bbox 560 3572 622 3636; x_wconf 83' lang='lat' dir='ltr'><strong>est,</strong></span> <span class='ocrx_word' id='word_1_184' title='bbox 645 3570 707 3623; x_wconf 81' lang='lat' dir='ltr'><strong>eto.</strong></span> <span class='ocrx_word' id='word_1_185' title='bbox 737 3562 839 3637; x_wconf 83' lang='lat' dir='ltr'><strong>Quare</strong></span> <span class='ocrx_word' id='word_1_186' title='bbox 857 3560 935 3624; x_wconf 82' lang='lat' dir='ltr'><strong>haec</strong></span> <span class='ocrx_word' id='word_1_187' title='bbox 953 3564 988 3624; x_wconf 88' lang='lat' dir='ltr'><strong>in</strong></span> <span class='ocrx_word' id='word_1_188' title='bbox 1007 3586 1074 3628; x_wconf 89' lang='lat' dir='ltr'><strong>om·</strong></span> 
     </span>
     <span class='ocr_line' id='line_1_28' title="bbox 106 3668 1075 3759; baseline 0.001 -26"><span class='ocrx_word' id='word_1_189' title='bbox 106 3672 202 3734; x_wconf 85' lang='lat' dir='ltr'><strong>nibus</strong></span> <span class='ocrx_word' id='word_1_190' title='bbox 230 3671 321 3733; x_wconf 85' lang='lat' dir='ltr'><strong>editt.</strong></span> <span class='ocrx_word' id='word_1_191' title='bbox 346 3692 404 3753; x_wconf 89' lang='lat' dir='ltr'><strong>per</strong></span> <span class='ocrx_word' id='word_1_192' title='bbox 423 3670 701 3752; x_wconf 78' lang='lat' dir='ltr'><strong>interrogationem</strong></span> <span class='ocrx_word' id='word_1_193' title='bbox 721 3668 917 3759; x_wconf 46' lang='lat' dir='ltr'><strong>efferantur„</strong></span> <span class='ocrx_word' id='word_1_194' title='bbox 936 3691 1000 3733; x_wconf 92' lang='lat' dir='ltr'><strong>non</strong></span> <span class='ocrx_word' id='word_1_195' title='bbox 1026 3675 1075 3734; x_wconf 84' lang='lat' dir='ltr'><strong>vi-</strong></span> 
     </span>
     <span class='ocr_line' id='line_1_29' title="bbox 104 3777 1076 3861; baseline 0.002 -19"><span class='ocrx_word' id='word_1_196' title='bbox 104 3781 186 3842; x_wconf 84' lang='lat' dir='ltr'><strong>deo:</strong></span> <span class='ocrx_word' id='word_1_197' title='bbox 216 3780 316 3842; x_wconf 90' lang='lat' dir='ltr'><strong>oratio</strong></span> <span class='ocrx_word' id='word_1_198' title='bbox 341 3790 429 3843; x_wconf 86' lang='lat' dir='ltr'><strong>reeta</strong></span> <span class='ocrx_word' id='word_1_199' title='bbox 453 3781 536 3843; x_wconf 86' lang='lat' dir='ltr'><strong>anim</strong></span> <span class='ocrx_word' id='word_1_200' title='bbox 562 3779 662 3841; x_wconf 87' lang='lat' dir='ltr'><strong>multo</strong></span> <span class='ocrx_word' id='word_1_201' title='bbox 689 3777 920 3840; x_wconf 85' lang='lat' dir='ltr'><strong>e&#39;oneinnioram</strong></span> <span class='ocrx_word' id='word_1_202' title='bbox 946 3781 1076 3861; x_wconf 82' lang='lat' dir='ltr'><strong>praebet</strong></span> 
     </span>
     <span class='ocr_line' id='line_1_30' title="bbox 105 3886 1076 3971; baseline 0.001 -20"><span class='ocrx_word' id='word_1_203' title='bbox 105 3887 311 3951; x_wconf 75' lang='lat' dir='ltr'><strong>sententiam:</strong></span> <span class='ocrx_word' id='word_1_204' title='bbox 333 3909 397 3950; x_wconf 91' lang='lat' dir='ltr'><strong>non</strong></span> <span class='ocrx_word' id='word_1_205' title='bbox 412 3889 614 3954; x_wconf 85' lang='lat' dir='ltr'><strong>metuendum</strong></span> <span class='ocrx_word' id='word_1_206' title='bbox 629 3896 692 3963; x_wconf 82' lang='lat' dir='ltr'><strong>est,</strong></span> <span class='ocrx_word' id='word_1_207' title='bbox 715 3906 757 3949; x_wconf 84' lang='lat' dir='ltr'><strong>ne</strong></span> <span class='ocrx_word' id='word_1_208' title='bbox 774 3894 811 3949; x_wconf 86' lang='lat' dir='ltr'><strong>tu</strong></span> <span class='ocrx_word' id='word_1_209' title='bbox 828 3886 1076 3971; x_wconf 86' lang='lat' dir='ltr'><strong>lenohenequid</strong></span> 
     </span>
     <span class='ocr_line' id='line_1_31' title="bbox 104 3997 435 4072; baseline -0.006 -9"><span class='ocrx_word' id='word_1_210' title='bbox 104 4004 274 4072; x_wconf 74' lang='lat' dir='ltr'><strong>monstres,</strong></span> <span class='ocrx_word' id='word_1_211' title='bbox 299 3997 435 4072; x_wconf 75' lang='lat' dir='ltr'><strong>suadeas.</strong></span> 
     </span>
    </p>
   </div>
   <div class='ocr_carea' id='block_1_10' title="bbox 0 0 1387 5152">
    <p class='ocr_par' dir='ltr' id='par_1_15' title="bbox 0 0 1387 5152">
     <span class='ocr_line' id='line_1_32' title="bbox 0 0 1387 5152; baseline 0 0"><span class='ocrx_word' id='word_1_212' title='bbox 0 0 1387 5152; x_wconf 95' lang='lat' dir='ltr'><strong> </strong></span> 
     </span>
    </p>
   </div>
  </div>
 </body>
</html>
