2670 5146
130 710 133 715 ἣ
168 635 170 639 ·
252 618 410 688 Officium
430 626 582 682 vestrm
602 625 640 678 ut
661 633 722 679 vos
734 612 963 706 malooogaris
977 642 1166 694 commone·

1082 761 1168 807 ner.

250 849 381 938 Nempe
405 850 455 913 lta
467 844 609 910 animati
620 845 707 910 estis
719 864 801 913 vos:
825 846 1171 922 vineitehoeeiuritia

894 984 974 1050 ergo
986 980 1086 1053 atque
1097 988 1167 1037 me.

249 1081 328 1148 Hae
338 1078 418 1146 vide
429 1079 480 1142 sis
494 1121 505 1155 ,
528 1087 568 1141 ut
578 1072 664 1143 alias
677 1095 732 1140 ros
744 1088 872 1163 agunt:
895 1076 960 1145 hoo
971 1083 1063 1169 agito
1077 1128 1089 1163 ‚
1102 1083 1168 1153 hoc

456 1235 459 1240 -
812 1193 1166 1270 animumadvortite:

183 1318 239 1382 20.
249 1311 327 1380 Huo
338 1308 497 1376 adhibete
509 1327 608 1373 aures
623 1351 634 1385 ,
659 1295 746 1394 quaa
758 1328 820 1394 ego
833 1305 954 1396 loquar
967 1356 978 1392 ,
990 1309 1181 1401 plagigora'

844 1445 967 1510 genera
979 1423 1166 1498 hominum.

249 1540 428 1629 Nunquam
454 1534 572 1623 edepol
595 1547 747 1602 vostrum
773 1535 890 1604 durius
915 1552 1047 1628 tergum
1071 1547 1165 1627 erit,

674 1671 775 1739 quam
787 1655 956 1740 terginnm
966 1655 1028 1721 hoo
1039 1678 1164 1726 meum.

248 1768 319 1848 Qua
332 1767 446 1836 nuno?
470 1763 630 1832 doletnel
654 1764 753 1847 hem,
771 1767 822 1833 sio
836 1767 956 1850 datur,
970 1773 1001 1837 si
1014 1775 1091 1860 quis
1104 1773 1165 1841 he-

804 1904 879 1949 rum
890 1906 1007 1952 servos
1019 1891 1165 1975 apernit.

266 2087 309 2141 18.
326 2087 434 2138 uincere
450 2083 501 2136 boe
517 2083 626 2135 duricia
643 2085 721 2150 terei.
757 2082 801 2135 22.
819 2084 900 2138 dolet.

218 2239 270 2300 Vs.
301 2239 349 2298 17.
377 2246 415 2296 at
430 2255 483 2296 eoa
499 2236 614 2315 ooqotio
631 2236 867 2310 commonerior,
897 2258 974 2319 pro:
1005 2253 1042 2304 ut
1059 2265 1155 2326 eoga-

178 2349 235 2422 tis,
266 2364 322 2406 ros
348 2344 539 2405 commoneri
563 2363 581 2404 a
606 2363 657 2404 me
679 2343 772 2405 officii
789 2345 909 2406 vestri:
938 2367 1091 2431 perquam
1108 2353 1159 2412 in.

177 2455 280 2515 solens
298 2451 508 2526 constructio,
533 2451 641 2533 quales
659 2449 720 2512 nisi
737 2452 771 2511 in
788 2453 1012 2531 antiquissimis
1022 2460 1156 2540 scripto·

177 2563 283 2636 ribus,
314 2561 369 2622 uix
390 2561 538 2641 reperias.

218 2670 270 2732 Vs.
293 2670 342 2731 le.
364 2689 493 2752 nempe.-
514 2689 578 2731 non
595 2669 757 2731 irridentis
766 2670 817 2731 vol
825 2670 1017 2752 indignantis
1027 2683 1073 2734 est
1083 2673 1154 2751 hie,

178 2787 215 2841 ut
230 2777 301 2837 vult
316 2777 424 2851 Both„
446 2777 501 2838 sed
519 2788 566 2838 est
584 2798 799 2860 pronamque,
823 2779 1155 2861 quodoxoodemson·

177 2895 211 2948 to
231 2885 341 2948 fluxit:
368 2885 409 2947 ef.
427 2886 482 2950 Ev.
501 2886 624 2950 Scheid.
646 2887 685 2949 ad
703 2889 807 2950 Sauet.
824 2886 898 2950 llio.
918 2887 944 2949 I.
963 2888 1010 2950 18.
1028 2909 1060 2970 p.
1078 2889 1150 2953 217.

173 3076 176 3085 Ι
215 2993 267 3056 Vs.
297 2994 346 3055 22.
378 2994 424 3055 sio
452 2994 564 3055 detor:
601 2994 737 3057 formula
763 3004 810 3057 est
829 2995 1054 3057 exsultantium
1077 3016 1154 3077 poe·

174 3122 293 3185 nosque
323 3103 363 3165 ab
389 3102 518 3165 inimico
539 3084 655 3166 smntas
683 3122 748 3163 esse
774 3103 1013 3185 gratulantium.
1060 3101 1153 3184 Apud

176 3211 247 3274 Ter.
275 3214 402 3294 quoque
429 3211 551 3292 saepius
578 3209 707 3290 legitur.
724 3243 766 3256 -·
783 3216 839 3292 qut
856 3231 956 3284 atauo,
985 3210 1007 3272 i.
1026 3228 1057 3288 q.
1078 3211 1155 3292 qaid
1218 3240 1219 3248 ¹

176 3339 278 3395 auno,
312 3319 397 3400 quod
421 3320 568 3381 usitatius
586 3329 649 3394 est,
680 3318 732 3382 hio
751 3340 815 3381 non
833 3329 881 3380 ost
898 3319 1033 3380 formula
1049 3319 1151 3381 homi·

174 3428 224 3489 nis
249 3430 284 3491 in
308 3449 343 3490 re
367 3428 473 3492 subita
496 3429 702 3506 consternati,
730 3449 898 3509 secumque
926 3428 1150 3504 deliberantis,
1187 3424 1191 3433 '

174 3535 256 3598 siout
278 3536 368 3611 alibi,
396 3537 450 3598 aad
473 3538 506 3598 h.
533 3538 554 3598 l.
571 3547 604 3599 et
619 3537 713 3618 hujus
732 3538 795 3600 sab.
814 3538 847 3612 5,
871 3539 908 3612 2,
938 3537 995 3611 29,
1026 3545 1073 3598 est
1089 3536 1150 3596 tri-

175 3645 368 3726 umphantis‚
408 3655 441 3707 et
469 3646 530 3708 sibi
554 3647 593 3709 de
618 3666 767 3729 prospero
787 3665 931 3709 successu
954 3663 1067 3725 operae
1083 3644 1150 3706 ool·

159 3752 293 3816 'locatae
310 3754 508 3834 gratulantis.

215 3860 266 3924 Vs.
287 3861 337 3924 27.
367 3867 423 3943 qut
441 3863 567 3924 minus:
583 3866 605 3925 i.
623 3863 653 3928 a.
675 3865 780 3945 aliquo
799 3882 831 3922 ro
849 3863 974 3922 miuus.-
995 3861 1037 3922 ol.
1056 3859 1149 3921 llere.

175 3974 205 4035 l.
225 3962 310 4050 &93
339 3971 418 4034 llud.
436 3971 466 4032 3.
486 3971 515 4033 l.
535 3973 570 4033 31
592 3984 624 4034 et
642 3976 671 4036 l.
691 3974 721 4035 3.
740 3972 788 4034 61.
