2670 5146
636 344 686 422 51

177 597 233 662 to.
247 590 356 658 Domi
371 589 443 654 nisi
466 583 591 653 malm
613 599 727 653 vostra
746 609 846 676 opera
870 605 923 658 est
945 593 1047 664 hodie
1059 641 1071 677 ,
1096 603 1159 667 inr-

524 699 650 789 probae
662 701 677 765 1
689 703 770 769 rino
782 705 881 770 modo
894 708 1036 794 cupidae
1049 717 1133 781 estis
1148 737 1157 784 2

240 821 291 888 Eo
303 841 366 885 ros
377 831 510 886 vostros
522 817 833 906 panticesquesdeo
839 822 1074 908 madefacitis,
1087 850 1162 895 cum

716 982 719 986 .
811 957 874 1022 ego
887 939 952 1003 sim
966 938 1161 1011 hiosieous.

267 1071 311 1124 ol.
331 1069 468 1135 poetices.
566 1067 568 1070 ’

179 1221 415 1304 aliquantillum
439 1226 542 1278 metro
568 1216 676 1291 detur,
705 1227 738 1277 et
762 1206 823 1279 hoo
849 1237 975 1300 quoque
993 1224 1063 1287 1000
1081 1230 1159 1289 seri.
1254 1218 1259 1230 “

178 1335 273 1397 batur
293 1327 465 1414 perhibeo:
497 1325 532 1385 in
555 1334 691 1403 utroque
718 1324 802 1387 euim
829 1327 897 1391 lllss.
926 1321 1094 1397 vacillant:
1117 1336 1158 1398 ci.

180 1440 264 1503 Pers.
288 1435 372 1500 353.
397 1436 453 1510 2143
482 1433 567 1493 Asin.
597 1434 625 1493 1.
650 1433 679 1495 3.
700 1433 757 1508 36,
789 1435 845 1496 ubi
862 1457 983 1515 omnes,
1013 1460 1091 1519 quos
1110 1445 1158 1504 ri·

177 1547 227 1621 di,
258 1546 462 1606 retinuerunt
485 1540 673 1624 perhibeos5
701 1541 755 1604 hio
774 1561 909 1624 quoque
936 1548 988 1611 les.
1015 1559 1048 1610 et
1065 1552 1157 1614 editt.
1204 1579 1212 1599 x

176 1656 348 1719 nonnullae
373 1661 496 1712 veteres
515 1650 666 1720 exhibent
680 1652 844 1733 perhibeo,
876 1655 958 1716 nihil
978 1658 1158 1722 reluctante

178 1764 242 1828 loci
268 1762 442 1835 sententia,
474 1779 547 1821 oum
573 1767 661 1821 reete
687 1759 822 1822 dicitur:
847 1763 1013 1844 perhibere
1034 1787 1158 1851 operam

178 1875 256 1958 reip.
289 1874 365 1936 Cato
398 1869 481 1951 apud
517 1868 597 1930 Gell.
626 1867 692 1943 111,
733 1871 770 1946 73
801 1869 900 1931 elicui
925 1875 1154 1952 testimonium,

181 1984 295 2057 Varro,
328 1981 368 2042 de
387 1981 423 2042 n.
443 1980 481 2040 ll.
500 1977 544 2040 11.
562 1978 592 2038 5.
612 1976 736 2053 alioque
752 1976 876 2040 similia.

219 2091 272 2152 Vs.
294 2091 343 2153 51.
365 2090 433 2149 Non
460 2106 527 2147 esso
544 2084 623 2145 mihi
642 2084 785 2158 videtur,
818 2105 875 2145 our
892 2085 945 2148 hio
962 2069 1069 2152 vorsus
1086 2102 1157 2153 ten·
1201 2088 1203 2090 ’

181 2209 268 2261 tetur
293 2198 333 2259 eh
361 2194 604 2277 interpretibus:
634 2213 691 2273 que
709 2192 795 2270 quod
813 2193 847 2252 iu
865 2193 918 2256 cd.
937 2193 1031 2258 Aead.
1050 2199 1155 2277 abest,

183 2317 252 2390 post
275 2304 446 2368 secundum
472 2303 604 2365 verbum
621 2301 797 2383 saepissimo
812 2303 986 2391 reperitur,
1016 2326 1158 2388 praeser-

184 2416 241 2476 tim
268 2424 372 2476 tamen
394 2412 586 2494 interposita.
608 2409 856 2492 praepositione:
884 2412 958 2472 odeo
982 2424 1069 2475 certe
1096 2415 1160 2477 dis·

185 2522 359 2585 fioillimum
387 2519 563 2601 explicatu:
593 2518 778 2580 satisfecisse
800 2528 906 2580 autem
931 2521 1009 2581 mihi
1031 2521 1155 2598 videor,

183 2631 207 2693 si
232 2631 374 2691 retulero
399 2628 496 2690 rerba
524 2627 657 2690 Ruhnks
683 2627 723 2689 ad
747 2626 826 2688 And.
854 2629 890 2702 2,
927 2631 962 2704 5,
1000 2630 1029 2692 l.
1055 2632 1155 2707 svis,
1183 2694 1185 2699 ,

186 2758 293 2818 »quae
319 2749 367 2799 est
390 2738 424 2798 in
448 2738 544 2817 hujus
567 2737 742 2819 particulae
758 2757 818 2798 usu
834 2756 908 2800 sane
925 2739 1079 2820 eleganti,
1103 2741 1158 2802 rix

187 2857 317 2930 »potest
333 2866 397 2907 uno
415 2846 512 2908 verbo
529 2846 696 2929 explicari,
723 2847 809 2924 quod
825 2847 859 2907 in
876 2849 980 2910 omnia
996 2848 1066 2911 looa
1080 2869 1157 2911 oon-

188 2956 337 3030 »veniat,
360 2957 565 3034 ‘sentiturque
591 2955 733 3030 facilius,
762 2973 858 3034 quam
876 2957 1081 3037 exprimitur3
1107 2957 1158 3018 iu·

188 3065 340 3124 »terdum
365 3065 520 3145 significet
546 3064 683 3142 aliquam
701 3064 971 3142 consequentiam,
999 3062 1160 3125 interdurn

188 3173 420 3255 ‚explicationi
461 3173 510 3233 vel
549 3173 723 3236 narrationi
757 3172 923 3257 inservit.''
983 3172 1161 3235 Boxhornio

189 3302 283 3364 osque
311 3283 386 3342 odeo
411 3282 599 3364 corrigenti,
633 3302 726 3344 nemo
751 3282 845 3344 facile
867 3280 1077 3343 adsentietur:
1114 3282 1161 3344 sio

189 3391 271 3452 enirn
296 3392 491 3454 constructio
510 3411 636 3473 prorsus
662 3400 743 3453 esset
766 3390 923 3454 anomala:
958 3367 1162 3471 interpretari

191 3495 272 3559 iorte
297 3498 375 3559 11661
397 3520 512 3580 osque,
549 3499 612 3560 nisi
637 3499 807 3581 simplicius
833 3499 892 3559 sit:
920 3498 992 3560 ideo
1016 3518 1071 3560 ros
1086 3509 1161 3560 ton·

192 3612 255 3664 tam
288 3607 413 3687 potatis.
446 3610 508 3669 Cur
529 3607 596 3682 lic,
634 3627 698 3669 non
724 3605 829 3667 olibi?
861 3606 987 3684 quaerit
1011 3606 1160 3669 Rothius:

191 3729 300 3791 parum
327 3689 428 3776 refert
454 3725 559 3795 oerte;
592 3717 691 3779 refert
720 3724 839 3778 tamen:
878 3715 929 3775 tie
954 3723 1002 3777 est
1030 3717 1069 3794 ia
1095 3737 1164 3777 osee
1220 3771 1221 3775 ,

194 3819 304 3881 domo:
345 3822 421 3883 dum
451 3844 506 3886 vos
534 3843 605 3887 oum
632 3824 738 3889 amicis
760 3824 873 3886 rostris
901 3825 979 3885 olibi
1002 3825 1161 3906 pentioos5

197 3922 250 4006 (oi.
274 3931 355 3994 soal.
385 3933 423 3994 ed
447 3934 533 3997 Catal
554 3955 586 4016 p.
607 3935 682 4014 230,
708 3936 743 3997 in
758 3933 854 3998 luth.
873 3931 938 3996 let.
957 3933 1024 3995 Lib.
1046 3932 1089 3996 11.
1107 3933 1162 4013 Ep.
