2716 5152
633 345 709 421 166

213 630 217 645 .
273 608 325 654 aa.
350 583 478 670 Edepol
500 605 562 650 nee
584 585 673 648 istuc
697 585 804 671 megia
829 586 1003 675 magisque
1018 602 1159 667 metuo,

847 733 919 777 cum
932 713 1033 780 verbe
1043 716 1162 782 audio.

270 828 360 895 Mihi
385 848 514 916 quoque
538 823 656 912 edepol
674 824 870 911 jamdudum
892 825 954 895 llle
975 827 1081 913 Syrus
1101 854 1164 897 cor

895 945 1135 1030 perfrigefecit
1152 991 1163 1022 ‚
1181 931 1186 944 ’

183 1065 257 1139 lto,
267 1056 459 1143 Symbolum
471 1059 529 1143 qni
541 1055 603 1122 hoc
616 1060 767 1143 accepit:
788 1061 963 1125 miraeum
977 1061 985 1122 !
1009 1060 1164 1126 Pseudo·

916 1171 972 1239 lus
986 1189 1050 1238 est.
1076 1177 1165 1259 ,Eho

245 1313 249 1324 ·
269 1290 342 1356 Tu!
370 1311 435 1377 que
457 1288 545 1354 facie
567 1287 657 1365 fnit,
683 1285 805 1352 dudum
820 1289 876 1352 eni
889 1283 1015 1355 dedisti
1025 1292 1166 1374 symbo-

298 1420 301 1423 ’
1064 1405 1166 1471 lumi

254 1579 311 1628 tlt.
328 1576 523 1642 perfripofecit.

227 1771 296 1830 Post
316 1767 401 1827 hunc
422 1786 544 1826 versum
564 1767 597 1824 in
618 1766 683 1826 llss.
707 1776 739 1827 et
759 1767 903 1846 pluribus
925 1769 1014 1829 editt.
1036 1789 1167 1850 compa-

188 1888 259 1938 rent
280 1875 407 1956 repetiti
427 1895 471 1935 vs.
494 1875 613 1935 63-65
636 1873 703 1953 huj.
723 1894 822 1947 scen..
847 1880 1174 1955 praeterquamquod

190 1989 223 2047 in
243 1993 400 2067 postremo
418 2003 476 2063 pro
496 1993 665 2042 arcesseret
684 1983 803 2062 legitur
823 1984 995 2044 obduceret.
1037 1984 1078 2046 At
1092 2006 1172 2048 cum

189 2098 221 2155 in
242 2093 367 2173 Steph,
401 2101 434 2150 et
453 2091 560 2151 multis
581 2091 650 2151 eliis
671 2090 862 2152 editionibus
882 2093 1012 2167 absunt,
1043 2114 1094 2183 ees
1117 2117 1170 2156 se-

191 2212 280 2264 cutus
309 2201 380 2262 illos
408 2200 577 2261 exturbare
606 2218 668 2259 non
697 2199 857 2273 dubitavi,
891 2221 961 2260 cum
980 2205 1171 2280 praesertim

189 2312 237 2372 his
273 2309 384 2388 ejectio
411 2308 542 2388 optime,
587 2308 650 2368 imo
679 2307 791 2369 melius
820 2306 989 2369 cohaerent
1018 2309 1174 2371 orationis

98 2490 101 2498 Ι
189 2426 302 2497 partes.
352 2417 395 2477 lle
425 2433 488 2493 quo
517 2415 795 2495 interpolationem
823 2435 939 2494 genere
960 2417 1031 2477 vide
1052 2418 1169 2482 Osann.

189 2527 278 2590 tuot.
299 2501 375 2589 urit.
397 2545 428 2605 p.
452 2523 509 2586 180
529 2541 597 2600 sqq.
618 2555 658 2569 ·—

227 2635 277 2695 Vs.
302 2634 368 2719 Ill.
399 2653 451 2692 oor
467 2633 703 2714 perfripesaca't,
736 2642 822 2695 metu
842 2627 1005 2714 perfundit
1025 2636 1169 2698 animum

188 2754 282 2824 etque
311 2741 487 2815 contrahit,
528 2740 612 2802 haud
643 2761 729 2803 secus
750 2751 845 2823 atque
865 2745 891 2803 ei
912 2743 1030 2822 frigore
1050 2746 1166 2823 perlu-

189 2873 256 2918 sum
277 2851 527 2915 contraheretur.

227 2959 276 3027 Vs.
301 2959 368 3025 115.
390 2959 587 3021 miraeum!
609 2957 781 3020 Poeudolaa
801 2970 866 3022 est:
887 2963 932 3022 sic
947 2961 1015 3022 Μεε.
1038 2980 1164 3024 omnes:

187 3067 256 3141 sed,
280 3075 381 3128 metro
392 3066 528 3145 jubente
543 3067 821 3148 obtemperandum
836 3054 1052 3130 vetustissimis
1070 3070 1167 3132 editt.

189 3178 294 3248 June,
329 3175 417 3248 Alo,
448 3176 553 3250 Bria..
576 3178 699 3258 steph,
723 3179 945 3240 exhibentibus
965 3181 1163 3251 miremort,

188 3288 242 3359 Μ’,
281 3280 362 3365 quae
390 3285 501 3346 Plauto
538 3294 585 3346 est
614 3286 773 3348 notissime
801 3287 938 3349 locutio:
980 3284 1052 3346 vide
1082 3307 1111 3347 e.
1129 3290 1166 3366 ¹3.

188 3394 455 3468 Trin.t.2.19;
494 3394 605 3455 Bacch.
627 3384 663 3468 3,
693 3395 729 3469 3.,
762 3397 817 3469 lb,
850 3395 960 3476 Amph.
982 3397 1010 3455 l.
1034 3396 1061 3457 l.
1085 3395 1162 3468 127,

189 3500 280 3561 alibi:
313 3502 423 3562 vocula
437 3504 487 3591 'poi
506 3484 625 3566 dumus
644 3486 806 3584 postremis
827 3505 927 3566 literis
947 3504 1168 3584 praecedentis

188 3609 333 3672 vocabuli
351 3611 446 3674 facile
466 3612 628 3681 obliterari
648 3615 761 3693 potuit.
963 3603 967 3608 ’

229 3717 278 3779 Vs.
304 3720 370 3780 116.
403 3741 461 3799 pao
480 3724 568 3799 socie
589 3723 678 3801 fait:
716 3723 826 3784 faciem
856 3742 919 3784 non
948 3732 1069 3785 tantum
1091 3724 1165 3782 vul·

103 3901 113 3924 ·
190 3838 271 3900 tum,
303 3828 358 3905 sed
387 3830 481 3892 totins
512 3833 649 3912 corporis
678 3815 819 3892 habitum
849 3843 880 3891 et
910 3832 1041 3910 ligurem
1069 3850 1165 3910 saepe

188 3937 463 4017 comprehendere,
496 3943 712 4003 monetGron.
737 3943 769 4004 L.
793 3944 824 4002 P.
847 3964 876 4020 p.
902 3943 929 4001 l.
975 3980 976 3983 =
