2670 5146
622 342 676 416 85

229 587 459 663 Armaouira,
483 594 521 646 ut
532 579 594 646 hae
607 578 663 645 die
675 581 826 666 capiatur
836 624 848 661 ,
867 580 966 649 vala:
989 592 1089 672 atque
1100 581 1143 649 ad

814 695 876 761 hcc
887 716 977 762 meas
991 696 1152 785 legiones·

234 820 419 888 Adducam.
439 814 479 880 Si
490 811 553 877 hoa
566 830 743 898 expugno,
756 810 892 877 facilem
905 835 968 899 ega
980 812 1064 887 hanc
1076 837 1145 881 rem

766 929 853 992 meis
868 929 1000 993 civibus
1013 929 1147 996 faciam.

237 1051 318 1115 Post
328 1048 371 1112 ad
382 1016 540 1132 oppidum
551 1042 613 1108 hoc
627 1054 724 1108 vetus
736 1045 894 1107 continua
908 1064 1037 1110 mecum
1047 1067 1147 1110 exer-

685 1159 788 1222 citum
800 1161 954 1244 protinus
967 1161 1146 1230 abducam:
1185 1159 1188 1165 ’

238 1278 322 1345 lude
344 1294 416 1354 me,
439 1286 474 1340 et
485 1271 587 1341 simul
601 1275 786 1359 participes
798 1294 912 1338 amnes
924 1295 1016 1339 meas
1027 1277 1150 1361 praeda

692 1388 857 1468 onerabo,
872 1402 972 1477 atque
983 1391 1147 1477 oppleba:

216 1672 266 1733 Vs.
299 1672 347 1731 ll.
369 1671 411 1730 ad
436 1668 512 1728 lroe:
541 1667 586 1727 sic
612 1677 700 1727 reete
728 1668 780 1728 Cd.
806 1668 918 1743 dead,
950 1682 982 1732 et
999 1675 1151 1750 quaedam

175 1781 266 1841 editt.
297 1788 360 1840 vet.
396 1776 527 1838 Plurimi
557 1775 624 1837 llss.
656 1786 759 1837 tamen
788 1789 823 1836 at
851 1779 922 1853 liae,
955 1782 1040 1861 quod
1068 1784 1150 1846 male

177 1899 286 1950 tuetur
306 1886 437 1947 Parcus:
479 1885 621 1963 ineptum
642 1883 726 1941 enim
744 1883 890 1945 videtur:
931 1889 1075 1968 oppidara
1094 1893 1151 1951 ad·

178 1998 314 2056 raoeaire
334 1991 501 2071 (obsidere)
520 1990 602 2064 vola,
624 2000 660 2049 at
677 1991 828 2050 ltaeraeas
842 1991 977 2071 leqiaaes
991 1997 1150 2060 addaram.

219 2105 269 2164 Vs.
293 2104 340 2162 12.
353 2101 484 2180 facilem
505 2098 586 2158 liare
613 2119 677 2161 rem
689 2099 832 2177 faciam:
861 2101 882 2160 i.
905 2120 932 2160 e.
963 2111 1083 2181 gratam
1103 2104 1150 2167 fa.

175 2215 271 2286 eiam,
305 2222 344 2271 ex
373 2205 470 2271 animi
490 2207 656 2270 sententia.
695 2207 783 2288 Epid.
805 2208 834 2269 2.
856 2209 886 2268 2.
908 2209 958 2270 59.

145 2372 148 2376 .
175 2390 178 2393 Α
284 2319 383 2398 Qaara
393 2317 494 2398 facile
514 2327 545 2375 et
564 2337 655 2396 qaam
666 2318 832 2395 fortunate
853 2310 957 2376 ederit
977 2319 1036 2380 illr'.

177 2431 240 2491 vid.
271 2431 380 2490 Graev.
411 2425 450 2486 ad
480 2425 543 2486 Cic.
573 2425 612 2486 ed
632 2425 699 2486 aiv.
724 2404 784 2485 Ill.
810 2426 856 2486 12.
898 2426 1009 2487 Kartte
1030 2430 1070 2491 ad
1089 2434 1151 2494 Cia.

178 2537 218 2599 ad
236 2536 304 2599 Div.
327 2535 380 2594 vl.
404 2535 431 2594 5.
453 2533 481 2591 2.
513 2539 546 2592 et
577 2531 619 2591 ΙΙ.
644 2531 698 2606 16,
717 2531 752 2592 ’7.
803 2531 905 2592 Facile
935 2536 1041 2596 vivere
1071 2542 1153 2620 apud

178 2647 280 2708 Plaat.
301 2653 334 2704 et
356 2645 481 2706 Terent.
504 2650 567 2701 est:
590 2660 629 2700 ex
650 2640 745 2701 animi
766 2641 922 2704 sententia
941 2645 1064 2720 vivere,
1088 2649 1156 2710 sine

178 2753 330 2815 molestiis
355 2771 426 2812 cunr
453 2758 612 2810 sumtuum
642 2749 895 2826 tolerandorum,
930 2732 1003 2812 tum
1023 2756 1156 2818 aliarum

178 2882 294 2922 rerum.
337 2859 451 2943 Eodem
479 2859 589 2930 mado,
630 2837 800 2939 eademque
829 2859 897 2920 sere
917 2863 1045 2923 notione
1065 2873 1158 2946 poeta

181 2972 249 3051 huj.
281 2970 343 3032 fab.
383 2971 413 3029 l.
445 2969 472 3028 l.
497 2969 534 3027 18
563 2968 662 3028 dixit:
695 2968 879 3050 explicatam
907 2970 965 3030 riht
986 2992 1051 3031 rem
1070 2975 1155 3035 dada.
1267 3025 1272 3031 .

182 3083 310 3143 Frustra
329 3079 428 3158 igitur
449 3075 614 3137 emendare
636 3077 740 3137 eonati
760 3086 832 3136 sunt
852 3097 902 3138 vv.
924 3078 976 3139 dd.

222 3191 272 3250 Vs.
297 3189 344 3250 13.
374 3186 541 3246 addaram:
570 3173 723 3245 obdacere'
754 3185 888 3264 aliquem
923 3195 970 3246 est
1000 3187 1156 3252 adducere

181 3299 334 3379 aliquem,
359 3296 415 3377 qui
435 3295 528 3357 alteri
546 3292 746 3356 adversetur:
771 3294 819 3354 eff.
840 3295 932 3354 Grau.
952 3295 986 3356 L.
1001 3297 1033 3357 P.
1044 3318 1075 3378 p.
1086 3299 1172 3361 23&

144 3416 151 3421 '
184 3407 334 3468 Similiter
355 3407 491 3464 adsidere
511 3404 637 3486 proprie
657 3404 1017 3479 nonestcircamer'rlere‚
1042 3416 1076 3467 ut
1086 3409 1158 3469 vul.

185 3536 225 3595 go
252 3517 522 3595 interpretentur3
553 3513 607 3573 scd
633 3514 737 3572 sedere
762 3523 891 3572 caetra:
921 3512 1076 3574 obvallare
1096 3538 1159 3581 non

185 3624 437 3695 circuravallare‚
475 3623 529 3684 sed
566 3621 682 3682 vallam
710 3631 869 3681 aestruere
898 3632 1006 3682 eoatra
1034 3624 1159 3686 erdem:

188 3731 236 3792 eff.
258 3733 352 3793 Grau.
374 3740 407 3792 et
427 3731 554 3793 Ruhnk.
575 3730 615 3791 ad
634 3733 703 3791 Ter.
725 3729 857 3810 Adelph.
879 3730 908 3791 l.
932 3732 960 3792 a.
983 3733 1013 3792 6.
1036 3729 1160 3812 (contre

191 3839 333 3913 Festum,
355 3841 377 3899 i.
398 3860 428 3902 v.
450 3840 512 3922 ad.)
552 3840 608 3902 Hic
627 3848 731 3902 tamen
750 3839 853 3900 miuus
871 3849 959 3901 recte
975 3835 1164 3914 PoemP'rel.

190 3946 227 4006 23
248 3947 386 4007 obsidere
405 3968 463 4028 pro
483 3948 618 4028 simplici
637 3949 741 4009 eadere
761 3967 827 4013 asse
847 3949 986 4012 affirmat.
