2670 5146
625 240 652 314 5

270 512 685 657 mammarum
725 518 1023 658 rumorum.
1101 651 1103 655 ,

420 790 473 877 (nt
494 755 693 878 quibusdem
716 789 880 878 videtur).

225 1066 466 1174 praesentes
498 1116 650 1168 numerat
671 1102 864 1191 quindecim
886 1103 985 1172 miles
1008 1108 1138 1180 minas:

225 1218 338 1288 Simul
360 1220 537 1306 consignet
558 1215 769 1304 symbolum,
798 1232 836 1284 ut
857 1218 1078 1289 Phoenicium

108 1397 111 1400 ,
227 1330 277 1402 lii
299 1336 356 1402 det
376 1333 479 1413 leno,
513 1334 574 1421 qni
597 1355 671 1398 curn
693 1354 769 1399 cum
790 1331 922 1422 reliquo
944 1337 1075 1405 afferat.

226 1448 425 1518 Venientem
447 1443 596 1514 caculam
617 1448 812 1514 intervertit
834 1449 1011 1535 symbolo,

164 1572 195 1636 5.
227 1565 358 1633 Dicens
379 1562 504 1650 ¹Syrum
526 1584 564 1630 se
586 1561 781 1646 Ballionis,
804 1563 1015 1636 Pseudolus:

232 1683 403 1772 Opemque
424 1676 528 1745 herili
549 1679 600 1745 itu
622 1678 761 1748 tetulit:
785 1700 861 1746 uem
884 1681 1012 1749 Simiae

213 1883 240 1934 6.
266 1898 294 1932 se
310 1879 479 1933 tabellionem
496 1880 543 1934 Pr.
576 1881 604 1933 6.
631 1879 705 1934 tulit.
740 1881 767 1933 8.
794 1896 852 1931 rem
864 1882 959 1948 polum
976 1888 1133 1965 coquerem

203 2035 253 2096 Vs.
284 2035 313 2096 2.
344 2034 509 2114 consiccet
536 2032 718 2115 symbolum,
750 1998 906 2114 quomodo
931 2033 992 2097 hoc
1016 2036 1138 2100 intelli-

162 2143 317 2226 gendum,
339 2141 413 2202 vide
429 2141 499 2222 huj.
520 2141 583 2204 sub.
607 2143 635 2203 1.
658 2143 686 2202 1.
708 2141 747 2204 53
765 2159 854 2220 sqq.;
876 2143 906 2203 t,
923 2143 953 2204 6.
969 2145 1008 2205 30
1022 2145 1093 2206 eti.
1106 2147 1135 2207 7.

164 2254 222 2314 lot
243 2272 291 2332 sq.
314 2284 357 2296 —
387 2248 572 2331 Symbolum.
614 2249 734 2327 Quibus
753 2229 899 2311 differunt
917 2251 1136 2333 intersesym·
1206 2303 1219 2363 ,Ι

162 2359 264 2420 bolum
290 2367 324 2419 et
349 2357 498 2439 symbolo,
532 2357 640 2419 multis
667 2366 851 2438 persecutns
879 2366 927 2419 est
948 2359 1075 2422 Casuuh.
1096 2361 1136 2423 ad

162 2467 278 2529 renen.
299 2465 360 2528 111.
390 2465 427 2528 31
457 2465 879 2548 p.22t‚mu1tiquea1it:
911 2467 961 2528 m.
991 2448 1065 2529 att.
1095 2469 1134 2531 aa

162 2575 276 2638 Bacch.
306 2575 337 2635 2.
363 2574 393 2637 3.
414 2575 472 2650 29,
506 2584 539 2636 et
557 2574 642 2656 Epid.
667 2575 695 2636 l.
716 2575 747 2634 2.
768 2575 818 2636 22.
861 2574 951 2651 Quod
969 2574 1136 2637 discrimen

161 2703 224 2745 uon
244 2681 416 2744 adtendens
436 2681 550 2744 Muiler
570 2682 610 2744 nd
631 2683 694 2745 Cic.
715 2682 755 2742 de
775 2684 860 2745 Oret.
882 2682 926 2744 II.
948 2685 1005 2757 57,
1028 2683 1136 2746 collec-

161 2799 225 2851 tom
245 2790 397 2867 Graecum
416 2769 551 2866 ὰύμβολσν
570 2809 635 2851 esse
655 2790 710 2852 eit.

202 2897 254 2959 Vs.
284 2898 314 2960 3.
337 2897 465 2979 reliquo.
489 2896 674 2980 Reliquum
692 2899 741 2959 vel
761 2899 882 2980 reliquo
900 2918 959 2979 per
978 2899 1137 2961 excellen-

162 3005 293 3067 lentiam
321 3005 487 3081 dicuntur,
519 3025 600 3088 quae
619 3007 794 3069 rationibus
815 3005 995 3078 subductis,
1027 3025 1138 3087 aecep-

162 3115 203 3174 tis
212 3115 416 3196 expensisque
426 3115 628 3196 computatis,
651 3114 759 3176 debite
773 3122 955 3175 remanent:
976 3113 1024 3173 eff.
1043 3114 1136 3175 Gron.

162 3220 263 3285 Lcctt.
283 3223 386 3286 Plaut.
406 3243 438 3305 p.
460 3224 516 3297 63,
540 3233 573 3285 et
592 3222 632 3285 ad
652 3224 738 3304 Gupt.
758 3222 839 3303 prol.
864 3223 911 3283 16.

202 3330 254 3392 Vs.
284 3332 313 3393 6.
345 3330 736 3412 tert1i‚proterttifitio‚
757 3327 1137 3411 parumiatinedieicre-
1252 3405 1253 3409 Ἰ

163 3439 224 3518 do;
251 3438 397 3501 desidero
417 3438 518 3502 simile
536 3441 720 3522 exemplum.
760 3438 897 3500 Dubium
915 3447 1019 3500 tumen
1036 3437 1137 3499 videri

164 3547 278 3628 possit,
310 3556 418 3608 ntrnm
438 3548 565 3630 abipso
585 3549 791 3612 Grammatico
809 3546 988 3628 proiectum
1007 3546 1065 3620 sit,
1097 3566 1137 3608 an

165 3655 296 3717 librario
325 3657 550 3738 imputandum.
603 3658 662 3719 ille
682 3676 807 3719 versum
826 3655 909 3718 serto
929 3656 974 3717 ite
993 3654 1136 3736 scripsit:

211 3761 363 3845 Opemque
382 3764 457 3824 hero
474 3764 528 3825 itte
547 3768 593 3826 ito
611 3765 693 3827 tutte.
735 3763 815 3826 Nem
835 3765 954 3826 Simiou

164 3869 267 3932 Hense
294 3871 377 3933 enim
406 3882 494 3936 recte
524 3894 582 3956 pro
612 3874 680 3936 beri
702 3872 772 3954 filio
792 3872 926 3946 dicitur,
958 3871 1026 3952 ipso
1045 3873 1137 3934 Plan-
