2716 5152
629 400 708 478 154

184 653 234 715 15.
249 671 298 715 su.
321 647 467 734 Ecquem
490 646 526 708 iu
549 645 723 732 sngiporto
741 639 804 707 hoe
817 639 1161 711 hominemtnnovis·

787 762 789 766 ’
942 758 994 824 tit
1019 771 1160 849 toroge.

245 899 300 945 nt.
323 879 465 966 Egomet
476 897 541 942 me.
562 900 612 943 su.
627 876 733 941 Penei
746 874 836 939 istuc
849 874 980 940 faciunt
991 874 1160 956 homines,

821 988 909 1077 quod
922 1001 958 1054 tu
969 990 1162 1077 praedices.

244 1107 330 1174 Nem
352 1108 474 1173 infore
483 1107 548 1172 vix
562 1105 714 1171 decimus
734 1105 879 1191 quisque
892 1115 945 1168 est
959 1149 969 1182 ‚
994 1107 1054 1191 qui
1065 1106 1162 1192 ipsus

926 1240 1004 1285 see
1015 1223 1163 1285 noverit.

249 1361 300 1404 es.
325 1336 445 1403 Salvos
469 1358 565 1404 sum:
586 1342 657 1424 jum
674 1333 944 1423 philosophatur.
968 1356 1019 1401 su.
1043 1334 1164 1401 Homi-

647 1473 722 1517 nem
734 1472 797 1537 ego
809 1449 868 1515 hio
881 1472 1005 1537 queem
1015 1448 1140 1516 mulum
1153 1495 1164 1530 ,

251 1569 470 1656 Legirupum,
486 1569 639 1654 impium,
652 1572 838 1653 perjurum,
851 1577 952 1652 utque
963 1564 1164 1653 improbum.

715 1711 718 1718 ·
816 1698 872 1743 ns.
897 1677 956 1745 Me
968 1682 1160 1767 quaeritat:

191 1803 247 1863 20.
261 1794 348 1862 Nem
370 1792 433 1860 ille
455 1807 535 1859 sunt
557 1805 794 1883 cognomenta,
818 1813 936 1860 nomen
961 1795 994 1859 si
1004 1809 1166 1863 memoret

1053 1911 1167 1978 modo.

261 2029 303 2080 lo.
324 2035 355 2079 tu
371 2042 427 2078 uon
444 2028 548 2078 vidisti.

187 2153 382 2214 tantumdem
411 2149 555 2233 decipies.
577 2183 616 2196 --
632 2151 734 2234 prodi.
776 2151 880 2212 hamb.
901 2152 935 2210 in
954 2151 1017 2211 suis
1036 2150 1167 2212 videtur

190 2263 302 2342 legisse
318 2260 448 2343 probor,
477 2259 563 2340 quod
583 2268 616 2318 et
638 2259 690 2320 Cd.
712 2257 806 2320 dead.
827 2267 861 2319 et
881 2258 958 2320 edit.
979 2257 1088 2339 Steph.
1109 2259 1168 2321 ha·

189 2371 276 2429 bont.
317 2368 489 2447 Utrumque
508 2376 596 2427 reete
615 2367 753 2428 dieitur:
772 2367 865 2450 probi
884 2368 968 2428 enim
986 2386 1045 2447 pro
1055 2366 1167 2450 probe,

190 2476 336 2558 quonium
365 2475 446 2536 nihil
473 2474 672 2556 frequentius
691 2474 751 2536 hoo
771 2493 864 2550 aevo,
897 2496 990 2555 quam
1011 2497 1028 2535 e
1048 2485 1082 2536 et
1102 2477 1116 2536 i
1133 2476 1169 2535 in

190 2583 478 2656 terminationibus,
519 2583 618 2644 dativi
647 2583 790 2664 inprimis
820 2593 853 2644 et
881 2585 960 2657 abt,
989 2585 1168 2666 promiscue

190 2703 372 2777 usurpatae:
414 2694 454 2755 oi.
486 2694 597 2754 Osann.
627 2693 715 2755 Anal.
748 2693 824 2754 Crit.
854 2714 886 2775 p.
916 2694 990 2768 123,
1023 2703 1055 2755 et
1088 2695 1166 2770 192;

190 2803 280 2865 Both.
302 2804 342 2864 ad
362 2805 448 2883 Copt.
469 2803 552 2863 Prol.
571 2803 619 2864 15.
635 2800 670 2861 in
682 2801 740 2863 hae
753 2801 815 2864 fab.
831 2804 860 2863 lt.
881 2805 908 2864 7.
928 2803 981 2876 79,
1000 2811 1034 2862 et
1053 2804 1084 2864 5.
1097 2803 1124 2863 1.
1136 2804 1167 2863 8.

231 2912 281 2974 Vs.
305 2913 352 2973 18.
368 2916 439 2995 jem
455 2911 711 2993 philosophetur:
741 2912 785 2972 sio
807 2913 892 2992 Cupi.
915 2912 951 2985 2,
983 2912 1020 2984 2,
1050 2911 1110 2973 34.

234 3021 329 3083 Soloe
349 3041 400 3081 rer
420 3031 486 3081 est:
501 3019 737 3103 philosophetur
757 3038 872 3097 quoquo
885 3021 973 3101 jem,
997 3038 1062 3078 noe
1079 3038 1169 3078 merr-

922 3128 983 3188 doe
1002 3127 1089 3186 modo
1109 3137 1169 3188 est.

167 3258 170 3263 ’
193 3239 412 3321 Philosophum
439 3238 522 3318 apud
550 3239 694 3299 Plautum
723 3246 771 3298 est
800 3238 886 3297 inter
909 3237 999 3315 joeos
1019 3226 1102 3296 serio
1119 3235 1171 3296 lo-

193 3347 265 3428 qui,
313 3356 346 3407 et
382 3345 450 3405 fere
479 3345 687 3426 sophistarum
715 3364 802 3407 more
831 3343 988 3425 argutari,
1030 3352 1171 3424 captare.

194 3455 286 3516 hiere.
329 3454 364 3526 1,
402 3453 439 3526 2,
479 3453 529 3515 36.
580 3454 631 3515 Sie
660 3452 740 3516 Rud.
771 3454 804 3528 i,
844 3452 881 3527 3,
914 3454 954 3513 107
979 3449 1171 3534 philosophe.

194 3563 250 3622 Hie
280 3571 383 3622 temen
403 3569 437 3622 et
458 3563 544 3642 Capt.
568 3563 637 3624 loeo
651 3560 868 3644 philosophari
885 3559 950 3622 diei
971 3559 1098 3620 videtur
1115 3579 1174 3619 ve-

196 3678 329 3742 terator,
357 3670 412 3752 qui
431 3670 623 3732 sermonibus
643 3670 732 3731 seriis
749 3662 847 3731 ulium
867 3667 1013 3749 decipere
1033 3656 1152 3729 studet.

235 3775 285 3838 Vs.
307 3778 356 3839 20.
386 3778 423 3838 In
443 3778 519 3840 edit.
541 3778 648 3861 Steph.
670 3785 869 3859 eopoomento
888 3774 984 3849 mihi,
1009 3770 1094 3855 quod
1114 3791 1176 3856 per

195 3895 331 3948 metrum
351 3886 456 3949 abesse
475 3907 538 3951 non
558 3897 671 3970 potest.
714 3886 799 3948 Idem
821 3884 917 3947 sentit
936 3881 1084 3956 unimus,
1115 3880 1175 3962 qui

193 3996 234 4057 de
253 4016 309 4060 suo
329 3995 449 4060 addidit
468 3999 521 4060 mi.
1016 3980 1019 3986 ⁵
