2670 5146
625 346 778 436 Ι70

333 606 391 673 Sic
406 608 489 671 irum
502 606 538 668 in
548 613 680 690 promtu
693 619 833 688 gerere:
856 611 980 690 quanto
992 603 1104 669 setius
1117 617 1197 686 est,

263 723 319 790 35.
327 721 435 788 Adire
455 716 591 784 blandis
612 715 752 796 verbis,
777 727 877 803 etque
900 717 1107 805 exquirere,

328 836 407 902 Sint
428 830 513 911 illa,
537 852 641 897 necue
663 833 758 910 siut,
783 853 868 919 quae
892 831 957 896 tibi
979 804 1194 901 renunciuirt.

329 950 442 1017 Bonus
465 950 596 1012 suimus
620 949 656 1010 iu
678 944 765 1010 mala
788 969 825 1012 re
848 947 1025 1013 dimidium
1049 962 1103 1014 est
1124 950 1222 1017 muli.

329 1088 372 1130 sr.
395 1063 478 1130 Tibi
499 1054 707 1128 auscultabo.
753 1082 805 1126 es.
831 1061 904 1128 Itur
915 1063 957 1127 ud
969 1077 1022 1143 te,
1047 1063 1239 1135 Pseudolo:

332 1178 526 1245 Orationem
549 1178 614 1243 tibi
635 1199 716 1263 para
738 1177 915 1242 advorsum
939 1199 1065 1244 senem.

266 1295 459 1364 totlerum
482 1293 590 1358 saluto
611 1295 779 1380 primum,
802 1305 839 1358 ut
860 1314 998 1379 aequom
1023 1306 1096 1358 est:
1128 1308 1246 1380 postea

332 1411 372 1478 Si
396 1410 477 1499 quid
499 1411 672 1496 supersit,
696 1410 828 1473 viciuos
852 1408 1026 1494 impertio.

333 1548 378 1593 ει.
402 1525 516 1591 Salve.
542 1523 633 1601 Quid
655 1521 792 1610 egituri
820 1544 871 1588 rs.
893 1522 1014 1590 ¹Stator
1031 1522 1087 1590 hic
1100 1524 1243 1593 adhunc

1099 1640 1244 1705 modum.

336 1779 380 1823 ει.
405 1756 535 1823 Statum
544 1756 623 1821 vide
633 1753 804 1834 hominis,
823 1753 1007 1842 Callipho,
1032 1776 1129 1843 quem
1151 1756 1244 1822 besi-

1123 1870 1244 1939 licumi

336 2008 392 2055 cs.
416 1985 507 2054 Beue
530 1984 801 2074 confidenterque
823 1987 978 2052 astitisse
1000 1984 1185 2074 intellego.

177 2162 180 2169 A
273 2102 511 2173 sepelisset
533 2080 768 2184 immeritem,
792 2105 852 2192 qui
863 2104 931 2183 sit,
945 2114 1045 2191 atque
1058 2104 1245 2184 innoxius,

359 2277 403 2328 st.
421 2278 446 2326 si
462 2276 482 2326 ι’.
500 2277 532 2325 r'n
547 2292 577 2342 p.
594 2290 709 2341 pererro.
743 2274 787 2326 40.
805 2291 829 2326 s.
848 2291 873 2327 e:
889 2275 951 2341 plus
967 2290 1009 2326 eo.
1045 2276 1088 2327 41.
1106 2279 1232 2343 superfit.

361 2370 404 2422 45.
423 2372 561 2421 innocens.

221 2583 224 2590 .
315 2533 366 2596 Vs.
392 2532 442 2593 38.
463 2532 530 2591 itur
549 2531 590 2590 od
608 2541 659 2591 re.-
681 2533 766 2611 Capt.
788 2533 824 2607 3,
848 2533 880 2607 i,
901 2534 931 2594 2.
953 2544 1029 2593 eust
1049 2534 1248 2597 adtehostes.

315 2640 366 2700 Vs.
388 2640 437 2701 tl.
459 2640 614 2720 supersit:
645 2638 904 2720 Auteponendum
925 2659 1052 2713 censeo,
1086 2640 1171 2719 quod
1194 2643 1247 2704 ud.

277 2748 370 2810 Acad.
401 2757 434 2808 ct
462 2747 555 2808 multi
580 2747 635 2808 alii
654 2748 743 2821 dant,
777 2749 918 2829 superfit,
951 2749 1062 2810 Plauto
1081 2749 1246 2826 usitatius,

277 2857 433 2936 quamvis,
465 2855 521 2915 uhi
542 2864 705 2936 tantopere
733 2857 872 2917 titubant
897 2856 982 2932 Mss,
1013 2878 1093 2939 quac
1109 2877 1184 2922 vera
1209 2861 1250 2922 sit

277 2966 390 3039 lectio,
421 2966 474 3025 vix
494 2964 557 3026 dici
577 2975 683 3045 queat.

284 3136 287 3143 ,
317 3075 367 3137 Vs.
397 3076 445 3136 tt.
476 3075 682 3154 confidenter,
714 3076 736 3136 i.
765 3095 792 3136 e.
823 3077 985 3151 audacter,
1018 3080 1173 3158 praviter,
1214 3082 1248 3140 in

277 3185 389 3245 honum
418 3191 556 3265 partem:
588 3184 774 3265 plerumque
800 3186 833 3244 iu
853 3187 965 3248 malem
985 3196 1106 3267 partem
1125 3207 1183 3266 pro
1204 3197 1250 3247 te·

278 3314 378 3366 mere,
410 3294 625 3374 impudenter:
661 3293 1052 3368 ui0.Tus0.111,7‚1t.
1086 3293 1251 3374 Confiderts

277 3402 359 3460 molo
377 3401 598 3460 consuetudine
618 3401 761 3481 loquendi
777 3404 814 3462 e'rr
832 3403 910 3462 citio
923 3403 1076 3484 portitor:
1103 3401 1159 3462 ubi
1176 3400 1250 3462 vide

278 3508 428 3569 Wolfium
454 3509 487 3568 iu
510 3509 609 3572 Prael.
646 3510 697 3571 Sic
718 3522 861 3593 proterve
878 3511 913 3569 in
930 3511 1042 3571 bonam
1058 3519 1180 3590 partem
1197 3529 1252 3572 uo·

279 3617 397 3696 cipitur
415 3618 521 3678 eadem
540 3619 684 3693 notione,
717 3618 827 3701 Amph.
848 3620 878 3679 2.
900 3620 930 3680 2.
951 3619 1021 3680 207.

317 3723 368 3785 Vs.
389 3726 438 3786 t5.
460 3726 544 3784 decet
561 3728 771 3802 innocentem,
796 3725 850 3808 qui
883 3728 944 3788 sit:
971 3727 1150 3788 ἀνακολουθῖοι.
1191 3725 1252 3784 Ire·

280 3851 392 3891 nocens
419 3840 483 3906 est,
525 3835 580 3912 qui
609 3855 672 3896 non
691 3845 800 3912 nocet;
830 3836 980 3896 iocosius
1000 3835 1056 3914 qui
1076 3853 1139 3893 uon
1159 3834 1250 3894 novit

279 3960 410 4003 nocere:
442 3941 483 4003 cs.
508 3944 593 4003 Serv.
614 3942 652 4005 ud
670 3945 746 4005 Aen.
766 3945 801 4005 X.
821 3943 890 4007 302.
933 3943 1021 4005 Idem
1038 3940 1176 4004 recurrit
1193 3941 1249 4002 iis-
