2670 5146
628 404 712 485 108

252 649 464 719 Murrbinnm
476 690 493 728 ,.
511 666 671 737 pessum,
694 645 885 728 defrutum,
901 649 1090 738 melium,
1103 662 1171 727 ,ποι

927 772 1149 855 qnojnsmodi
1160 799 1170 843 ε

255 878 350 957 Quin
372 882 411 947 in
432 876 531 943 eorde
542 877 711 943 instruere
722 877 887 965 quendem
898 884 1011 969 eoepit
1021 884 1172 956 thermo·

1047 1000 1099 1066 oli
1158 1049 1169 1069 .

250 1133 303 1181 n.
325 1109 504 1197 Eugepnei
518 1107 647 1195 lepide,
661 1104 823 1186 Charine,
838 1128 892 1176 me
902 1130 976 1177 meo
986 1022 1069 1181 lulio
1081 1025 1169 1183 12:-

1043 1228 1167 1301 berne:

252 1341 321 1411 Sed
344 1339 428 1431 quid
450 1360 570 1406 nomen
591 1359 667 1405 esse
689 1337 799 1404 dicam
809 1362 872 1428 ego
882 1342 946 1409 isti
958 1345 1082 1413 servo!
1106 1368 1168 1415 on.

1021 1460 1165 1529 Siniiee.

185 1575 242 1641 55.
252 1595 305 1641 ne.
330 1569 865 1640 Seitneinreadvorsavormtii
887 1592 948 1640 en.
971 1573 1165 1647 Turbonem

874 1709 980 1777 neque
991 1691 1084 1758 citus
1096 1706 1161 1758 est.

268 1891 312 1942 bl.
331 1890 508 1956 quotismods'.
544 1889 588 1940 53.
608 1903 673 1953 unqe
686 1888 832 1955 pelleps'de.
866 1888 911 1941 Μ.
928 1889 1002 1942 ebes
1018 1907 1077 1959 eqo.

267 1987 312 2040 55.
331 1987 404 2037 obest
421 2001 461 2037 re.

222 2155 272 2216 Vs.
295 2155 344 2216 51.
366 2154 571 2234 myrrhinam.
615 2152 692 2213 Vide
712 2152 792 2212 Plin.
814 2152 849 2212 Η.
871 2154 908 2214 N.
929 2154 1010 2217 XIV.
1033 2156 1092 2235 153
1122 2158 1159 2219 de

176 2284 269 2347 poeto
295 2263 374 2323 XIV.
399 2263 456 2339 ll;
488 2261 528 2322 de
549 2262 671 2340 defruto
691 2260 825 2334 ibidem,
857 2271 891 2322 et
910 2264 1025 2326 xvl11.
1048 2268 1098 2329 7⁴.
1119 2300 1158 2314 -

184 2371 388 2452 Quojuemodi
405 2389 463 2450 pro
482 2368 721 2447 cujusvismodi,
754 2370 1002 2449 cujusquemodi.

221 2479 272 2539 Vs.
294 2479 343 2540 52.
365 2478 621 2559 thermopolim:
643 2478 789 2553 taberna,
812 2480 868 2541 nbi
887 2482 1032 2563 potiones
1051 2484 1160 2550 duloos

181 2588 348 2663 venibant,
380 2606 457 2665 quas
486 2586 602 2648 calidas
626 2596 791 2667 potarent:
821 2587 897 2650 hino
918 2591 1051 2653 verbum
1071 2594 1157 2655 ther·

178 2708 350 2781 mopotom,
383 2696 554 2757 Trinumm.
576 2697 611 2768 Ji,
646 2695 681 2771 3,
716 2698 749 2771 7,
773 2704 806 2757 et
825 2698 945 2759 mentio
965 2699 1160 2784 thermopoiii

178 2808 214 2867 in
232 2804 392 2866 hilarioris
411 2803 607 2865 invitationis
626 2804 854 2885 descriptione,
879 2808 969 2868 Cure.
990 2809 1020 2870 2.
1042 2810 1071 2883 3,
1098 2813 1157 2887 13..

176 2913 326 2992 qnoniam
352 2912 435 2994 opud
462 2913 581 2992 priscos
609 2914 761 2974 Romanos
790 2933 854 2974 non
883 2925 1005 2978 tantum
1024 2918 1060 2979 in
1079 2938 1158 2996 usn,

178 3023 233 3083 sed
259 3023 293 3083 in
321 3021 440 3083 delitiis
469 3021 581 3097 fuisse,
623 3021 760 3082 calidum
790 3023 917 3099 bibere,
945 3036 1055 3088 monet
1073 3027 1158 3111 Lips.

175 3131 274 3193 Eloct.
296 3132 322 3193 1.
343 3133 374 3194 i.

221 3242 271 3303 Vs.
294 3242 344 3304 53.
365 3262 413 3301 me
433 3261 498 3300 meo
520 3241 591 3301 ludo
611 3239 782 3301 lamberet:
803 3240 864 3301 vid.
887 3240 979 3302 Poen.
1002 3242 1030 3303 l.
1052 3244 1083 3305 2.
1107 3247 1158 3309 83.

216 3351 266 3411 Vs.
293 3353 342 3412 514.
373 3351 503 3411 Simiae.
549 3349 679 3410 Bothius
705 3349 826 3410 mavult
852 3351 1017 3425 Simmiae,
1049 3372 1159 3416 caum

172 3459 319 3520 adferens
344 3458 508 3521 admodum
526 3458 646 3520 sutiles.
690 3459 822 3519 Simiam
840 3459 1014 3537 antiquitus
1031 3460 1156 3527 dietum

172 3550 269 3627 fuisse
295 3568 448 3628 bominem
471 3568 635 3641 callidum,
666 3567 836 3647 moliqmum
854 3577 885 3626 et
900 3586 1047 3645 nsquam,
1078 3588 1155 3650 por·

174 3675 304 3735 suadere
325 3687 453 3739 oonntus
471 3688 518 3740 est
537 3678 648 3739 bieurs.
668 3677 708 3739 ad
725 3679 817 3737 Truo.
835 3678 872 3750 2,
901 3678 935 3751 2,
967 3679 1015 3748 14.
1057 3678 1152 3741 Pene-

172 3792 259 3845 teren
278 3783 417 3845 Simmiae
434 3806 497 3847 non
515 3786 641 3847 videtur
659 3805 725 3847 esse
742 3805 855 3846 nomen
871 3785 996 3847 servile.

210 3892 261 3954 Vs.
285 3895 334 3956 55.
353 3896 491 3967 versari,
513 3895 547 3957 in
564 3894 665 3960 virias
681 3895 795 3959 formas
811 3895 946 3974 muteri3
965 3904 1148 3972 versutum,

168 4003 368 4086 versipellem
385 4022 461 4065 esso.
