2670 5146
619 369 692 445 181
765 434 767 438 a

233 619 324 688 Num
335 637 412 684 mes
423 614 533 701 gratia
542 607 779 699 pertimescit?
797 612 906 698 magis
920 611 1056 699 cogito,
1072 637 1146 680 see·
1175 628 1176 631 ’

241 716 245 729 .
658 726 748 790 viter
759 722 972 791 blanditerue
983 725 1147 816 alloquar.

237 848 304 914 Sed
316 847 377 910 hoc
390 864 442 907 me
453 853 545 907 vetat
557 843 627 904 vim
638 840 750 906 lacere
762 860 875 917 nunc,
895 842 982 929 quod
994 845 1067 909 fero
1080 893 1091 926 ‚
1116 849 1148 911 si

635 976 702 1043 qua
712 956 748 1019 iu
757 959 822 1020 hoe
835 978 913 1042 spes
926 958 1040 1023 sita'st
1051 960 1149 1026 mihi.

193 1079 227 1143 5.
238 1097 290 1142 ss.
313 1075 381 1140 Vir
402 1071 511 1137 melus
522 1073 595 1135 viro
607 1085 742 1156 optumo
753 1070 886 1135 obviem
898 1072 939 1135 it.
954 1095 997 1138 ss.
1010 1071 1059 1137 Di
1070 1085 1150 1139 tes·

389 1200 502 1266 meut,
515 1182 699 1251 Pseudolo:
712 1184 814 1270 phui!
828 1187 866 1251 in
876 1186 996 1252 melam
1008 1211 1151 1254 crucem.

237 1328 289 1372 rs.
313 1303 383 1372 Cur
395 1324 473 1390 ergo
486 1322 539 1368 me
551 1298 707 1366 afflictari
722 1323 766 1366 ει.
781 1297 872 1377 Quid
886 1314 935 1381 tu,
948 1301 1085 1385 malum,
1099 1328 1151 1370 er-

601 1438 644 1502 go
655 1417 691 1479 iu
704 1437 741 1480 os
754 1415 841 1480 milri
853 1415 968 1482 ebrius
982 1420 1152 1486 irructasi

243 1623 270 1674 3.
287 1637 373 1671 meam
389 1620 522 1686 qratiam.
561 1619 586 1668 4.
599 1620 661 1682 jem
673 1620 769 1684 secere
786 1634 869 1670 nunc.

247 1717 274 1768 5.
294 1716 340 1765 sed
354 1716 366 1764 ι’
382 1716 413 1764 in
429 1729 466 1764 m.
485 1729 507 1763 c.
543 1713 570 1763 6.
589 1714 712 1776 afflicter.

177 1899 298 1969 ebriae,
340 1894 424 1974 quod
454 1895 480 1954 si
509 1892 728 1968 adtendamus,
765 1899 865 1957 multa
893 1897 986 1958 facile
1007 1900 1155 1979 expeditu

175 2005 385 2077 videbuntur,
417 2020 498 2080 quae
518 2001 622 2062 statim
642 2001 801 2080 legentem
820 2015 992 2067 morantur.

216 2114 267 2175 Vs.
297 2115 328 2175 3.
357 2132 432 2172 num
458 2131 526 2170 mee
553 2112 673 2190 qratia,
704 2113 821 2172 arctius
842 2133 913 2174 eum
939 2115 1154 2178 antecedenti-

177 2224 237 2284 bus
263 2229 336 2282 sunt
355 2218 589 2281 connectenda:
620 2219 681 2280 hoc
698 2220 782 2280 enim
799 2221 869 2281 vult
887 2205 985 2283 Simo:
1016 2243 1055 2283 ex
1071 2233 1154 2287 statu

176 2330 342 2412 magnifico
366 2329 448 2388 servi
464 2327 549 2390 haud
566 2327 660 2389 facile
678 2327 795 2389 viderit
813 2329 902 2407 quis,
929 2330 1020 2391 illum
1044 2332 1155 2393 timere

175 2437 367 2498 simultatem
384 2433 471 2507 heri,
497 2434 631 2497 fallaciis
648 2437 711 2497 suis
729 2435 947 2498 circumventi.

216 2546 267 2606 Vs.
290 2545 319 2606 3.
350 2543 449 2623 mopis
469 2541 586 2621 copito:
616 2539 687 2601 ideo
706 2542 804 2621 magis
824 2543 918 2604 etiam
939 2543 1054 2606 dubius
1073 2566 1153 2608 sum.
1225 2521 1227 2526 V

153 2650 160 2656 ”
218 2655 269 2715 Vs.
293 2654 322 2715 l.
344 2654 374 2711 o·
394 2671 453 2732 quo
473 2651 510 2709 iu
532 2649 586 2709 loe
606 2670 691 2733 opes,
714 2659 776 2711 etc.
793 2651 1051 2732 ,i.e.argentum,
1071 2655 1157 2734 qued

178 2762 264 2837 fero,
286 2781 351 2823 non
371 2760 463 2834 sinit,
486 2779 536 2818 me
556 2757 606 2818 illi
625 2758 689 2818 vim
708 2758 941 2821 inferreuuuc:
964 2760 1158 2822 nisiscilicet

180 2889 265 2958 spem
292 2868 371 2929 mihi
389 2867 572 2949 praecidere
593 2867 705 2940 velim,
738 2877 859 2948 partem
879 2869 988 2929 saltem
1007 2871 1159 2949 pecuniae

179 2977 348 3058 promissae
366 2977 445 3038 mihi
466 2976 620 3038 servandi.

220 3087 272 3147 Vs.
303 3089 333 3148 5.
364 3085 409 3146 Di
437 3095 467 3145 te
488 3096 602 3146 omont.
643 3087 721 3146 Dum
740 3085 800 3146 hoc
820 3085 899 3146 dicit
919 3086 1018 3160 Simo,
1051 3096 1159 3149 ructa·

182 3204 234 3258 tur
264 3195 453 3258 Pseudolus:
494 3194 533 3256 ad
563 3193 645 3275 quod
676 3195 774 3269 Simo,
807 3193 958 3275 propositi
977 3194 1154 3269 immemor,

181 3303 300 3365 blande
337 3303 429 3363 illum
467 3303 661 3383 excipiendi,
711 3299 815 3364 subito
842 3302 1022 3383 indignatus
1051 3302 1156 3367 addit:

180 3413 239 3472 sed
265 3413 280 3471 ι’
307 3413 345 3471 ia
373 3411 485 3472 malem
510 3417 654 3473 crucem!
692 3412 742 3473 Sic
769 3411 852 3472 enim
879 3413 914 3470 in
935 3410 989 3472 Gd.
1009 3410 1103 3474 Acad.
1126 3423 1160 3473 et

179 3512 293 3602 Steph.
315 3521 427 3582 melius
448 3521 511 3601 legi
530 3530 617 3602 puto.

222 3631 277 3691 Vs.
298 3631 328 3691 6.
350 3651 407 3690 cur
427 3650 498 3711 erqo
516 3652 563 3689 me
584 3631 729 3712 afflictor:
751 3649 873 3690 sensum
893 3629 1087 3704 nonhabet,
1120 3630 1159 3691 ad

179 3761 252 3820 seq.
291 3740 422 3801 Simonis
460 3740 556 3802 verba
584 3739 800 3821 quadrantem.
850 3738 935 3799 Libri
964 3738 1019 3800 alii
1048 3738 1158 3801 aliter:

181 3850 333 3930 afflicter,
357 3860 389 3910 et
407 3871 522 3932 cureyo
532 3871 578 3910 me
589 3851 747 3932 afflictam:
769 3850 957 3930 interpretes
966 3869 1021 3910 sua
1030 3847 1158 3910 addunt
1226 3866 1230 3877 ¹

181 3958 349 4038 Suspicor,
390 3959 534 4022 Plautum
563 3958 736 4039 scripsisse,
778 3959 862 4039 quod
892 3968 939 4020 est
967 3958 1000 4016 in
1026 3957 1077 4018 lds.
1098 3955 1160 4015 lle·
