2670 5146
626 399 704 474 155

183 691 185 693 .
242 661 301 706 rm.
326 640 435 716 Heus,
451 637 510 702 ubi
523 639 608 702 estis
621 639 706 704 vost
729 641 924 724 ron-Heus,
938 646 1153 732 adolescens,

721 755 804 841 quid
816 757 897 822 istic
909 758 1049 827 debetur
1060 763 1152 829 ubit
1186 770 1188 774 ’

244 868 335 934 Bene
347 891 409 955 ego
421 867 462 933 ab
474 866 720 951 hocpraedatus
734 867 810 950 ibo,
824 873 902 938 novi
915 896 924 940 τ
936 874 1022 942 bona
1033 898 1154 945 scaeva

990 1006 1043 1056 est
1054 993 1154 1058 mihi.

176 1100 232 1165 40.
248 1117 307 1161 us.
320 1097 446 1184 Ecquis
459 1095 520 1160 hoc
532 1099 641 1182 aperit
655 1097 668 1160 l
693 1121 748 1164 na.
772 1099 868 1167 Heus
882 1148 893 1181 ‚
919 1103 1152 1192 chlamydato,

718 1214 801 1299 quid
813 1218 894 1282 istic
907 1218 1050 1286 debetur
1064 1221 1155 1287 tibil

248 1326 457 1392 armedium
466 1325 984 1399 domiuumlenonemBallionem
992 1338 1156 1422 quaerito.

244 1464 302 1508 rm.
328 1440 494 1528 Quisquis
519 1464 554 1506 es
570 1487 585 1520 „
606 1441 802 1510 adolescens
816 1491 830 1522 ,.
851 1469 986 1532 operam
999 1451 1053 1517 fac
1067 1472 1155 1516 com·

726 1545 728 1548 ’
862 1563 966 1649 pendi
978 1587 1153 1652 quaerere.

245 1694 303 1737 us.
329 1670 421 1747 Quid
428 1671 524 1758 Jaml
546 1695 601 1738 aa.
617 1668 706 1746 Quia
717 1686 750 1738 te
763 1677 859 1760 ipsus
872 1699 982 1743 coram
992 1701 1153 1765 praesens

825 1806 1037 1876 praesentem
1048 1795 1156 1862 videt.

242 1925 302 1970 us.
326 1898 413 1966 'lun'
427 1903 459 1964 is
472 1899 533 1965 esi
559 1922 603 1966 οι.
628 1899 871 1986 chlamydato,
896 1928 977 1973 cave
989 1911 1040 1975 sis
1056 1911 1154 1977 tibia

839 2021 932 2085 curio
941 2022 1130 2091 infortunio
1143 2073 1159 2105 ,
1241 2059 1244 2064 ·

249 2220 290 2268 39.
311 2217 335 2267 b.
354 2231 400 2282 eqo
413 2217 564 2282 praedatur
582 2219 607 2266 ri
624 2217 707 2267 loono
723 2219 755 2267 iu
771 2218 836 2268 bono
852 2219 884 2268 νὀν
900 2219 969 2270 dona
985 2238 1070 2273 coeno
1082 2240 1104 2274 ο.
1118 2241 1161 2281 ον,
1226 2207 1227 2210 ¹

245 2314 288 2364 tu.
308 2314 355 2364 loc
371 2314 468 2378 ecquis.

215 2491 265 2551 Vs.
295 2491 345 2551 39.
375 2489 454 2548 bona
479 2508 586 2547 scaeua
605 2497 653 2546 est
668 2487 755 2547 milti.
799 2489 995 2550 Sententiam
1013 2489 1156 2552 illustrat
1227 2497 1229 2502 ’

173 2601 261 2661 locus
288 2596 417 2658 luciani
445 2595 522 2656 Tim.
553 2597 587 2668 5,
618 2615 649 2674 p.
671 2595 759 2669 110.,
789 2596 846 2656 ubi
863 2596 908 2658 sie
926 2597 1054 2658 Timon:
1084 2602 1108 2660 ol
1124 2601 1155 2660 δὲ

175 2705 281 2788 (pilot)
305 2707 424 2781 πόρ’ῥωθον
453 2705 552 2768 iliaca
571 2701 647 2781 (με),
670 2705 762 2778 ἑτέρον
779 2703 968 2781 ἐκτρέπονται,
996 2706 1156 2777 δνςοίντντον

177 2822 223 2878 καὶ
241 2814 418 2889 ἀποτρόπαιον
436 2813 524 2885 itanu
545 2811 654 2883 tuentes
676 2812 924 2886 ὑπολαμβάνοντες.

218 2922 268 2982 Vs.
298 2920 346 2981 tt.
377 2941 398 2978 ο
421 2919 509 2978 curio
522 2918 726 2997 τηροίην..
770 2917 899 2977 Curium
923 2919 1156 2998 infortunium,

180 3030 264 3112 quod
280 3030 470 3108 interpretes
485 3026 598 3087 misere
615 3025 780 3099 cruciarit,
806 3034 1026 3106 praeterquam
1044 3027 1154 3101 sulm,

181 3138 299 3198 nemini
316 3143 349 3198 s'e
367 3134 582 3198 commendare
601 3134 723 3214 potuit:
753 3134 839 3195 varia
857 3133 1154 3208 comminiscuntur,

180 3247 295 3329 quibus
322 3246 485 3324 vulgatum
511 3264 565 3339 sua
590 3243 663 3303 sede
691 3241 866 3322 expellant:
902 3241 1055 3322 Thorium
1073 3243 1155 3322 inf,

183 3355 325 3416 Curtium
342 3354 421 3432 ios„
455 3372 585 3412 curcum
603 3353 684 3431 ios„
717 3351 859 3410 crucium
877 3350 956 3429 ios„
980 3350 1086 3410 dirum
1101 3350 1159 3435 de-

180 3461 277 3542 nique
303 3461 531 3540 infortunium,
572 3459 657 3538 quod
684 3458 791 3540 steph.
815 3477 941 3538 quoque
966 3457 1074 3532 habet,
1106 3457 1170 3520 us.

185 3570 278 3631 Paris.
307 3578 449 3641 secutus,
482 3544 537 3648 qui
563 3567 646 3628 solus
665 3589 684 3630 a
701 3568 896 3648 reliquorum
914 3565 1067 3627 librorum
1085 3585 1161 3627 con-

188 3697 281 3738 sensu
305 3678 419 3739 distat:
452 3677 523 3737 vide
546 3676 628 3758 apud
647 3671 792 3750 Taume,
823 3675 937 3756 quibus
955 3674 1089 3753 quisquc
1106 3675 1161 3738 ad·

184 3786 346 3847 miniculis
371 3787 558 3864 sententiam
585 3805 670 3847 suem
699 3786 862 3847 adstruere
878 3792 1008 3845 conatus
1023 3784 1082 3845 sit:
1113 3785 1162 3844 his

187 3893 264 3955 aare
290 3876 416 3968 aaron,
443 3895 500 3972 qui
527 3892 1046 3974 Aav.X1.ojungu0uamyaoe
1067 3892 1162 3953 aare

185 4011 262 4078 etc,
282 4013 315 4064 et
335 4003 501 4082 Curionem
519 4022 585 4065 esso
602 4022 787 4084 praeconem
806 4003 924 4067 theatri
941 4001 1086 4078 affirmat3
1108 4001 1162 4062 sed
1257 4095 1259 4100 ,
