2670 5146
652 328 700 402 71

247 575 385 642 Servom
397 566 576 657 superbum
600 590 677 634 esse
693 568 781 656 apud
792 568 910 636 herum
920 574 1155 659 potinsumum.

241 713 297 758 cn.
321 690 409 755 Sunt
422 708 465 774 qu
472 708 510 751 ae
523 698 557 750 te
567 682 720 751 volumus
733 689 922 773 percontari
936 734 948 768 ,
962 712 1046 776 quae
1056 693 1153 779 quasi

238 805 306 871 Per
328 801 485 868 nebulam
505 813 635 865 nosmet
659 802 785 865 seimus
811 813 911 888 atque
927 803 1132 870 audivimus.

240 943 285 988 ει.
310 915 477 985 Conficiet
494 918 567 1000 jam
590 927 622 979 te
645 913 702 980 hic
724 913 861 982 uerbis:
894 931 932 981 ut
954 930 991 983 tu
1014 941 1151 986 censeas

176 1041 231 1103 50.
245 1034 322 1102 Non
344 1029 567 1110 Pseudolum,
592 1030 653 1098 sed
677 1029 847 1095 Socratem
871 1044 980 1097 tecum
1002 1033 1111 1121 loqui.

239 1173 290 1216 us.
314 1148 369 1214 Ita
390 1160 464 1212 est:
482 1146 686 1232 jampridem
709 1158 744 1209 tu
765 1167 818 1210 me
831 1150 990 1233 spernis,
1014 1153 1150 1228 senti03

241 1264 381 1329 Parvam
409 1283 485 1327 esse
508 1260 595 1347 apud
613 1272 645 1325 te
657 1259 744 1325 mihi
756 1257 857 1326 fidem
876 1251 953 1348 ipse
966 1261 1152 1352 intellego:

238 1378 345 1465 Cupis
369 1398 422 1442 me
444 1397 520 1442 esse
542 1396 710 1464 nequam,
736 1387 845 1441 tumen
857 1399 913 1441 ero
929 1378 1023 1466 frugi
1034 1379 1154 1446 honae.
1246 1424 1249 1432 ·

242 1515 286 1560 ει.
309 1495 376 1559 Fac
399 1495 450 1557 sic
473 1494 632 1570 recivas,
657 1489 849 1571 Pseudolo,
884 1492 978 1559 aedis
1000 1497 1153 1575 aurium,

152 1647 153 1650 κ
178 1606 323 1675 55.Mea
345 1620 382 1672 ut
403 1607 548 1693 migrare
571 1606 661 1670 dicta
684 1609 819 1692 possint
841 1630 905 1694 quc
927 1605 1017 1673 volo.

242 1746 294 1790 es.
317 1721 548 1810 Age,loquere
562 1721 646 1810 quid
657 1724 863 1802 vis,tamctsi
878 1724 944 1789 tibi
957 1746 1154 1792 succenseo.

242 1860 288 1906 ει.
311 1837 437 1904 Mihin’
451 1837 584 1902 domino
596 1858 713 1902 servos
726 1850 764 1902 tu
776 1837 981 1904 succensesl
1004 1861 1055 1904 rs.
1081 1840 1157 1904 lam

1089 1954 1156 2019 tihi

243 2067 370 2134 Mirum
382 2067 420 2132 id
428 2053 586 2133 ridetur?
600 2087 645 2132 ει.
657 2065 782 2134 Hercle
796 2070 908 2156 qui,ut
920 2067 1153 2157 capraemons,

264 2242 309 2294 46.
328 2257 352 2292 e.
371 2245 453 2306 atque
470 2240 536 2290 dero
548 2257 580 2306 p.
614 2240 658 2293 68.
678 2241 706 2293 le.
724 2242 800 2308 quic.
848 2272 850 2277 ,

176 2394 247 2455 dem
275 2392 343 2452 senc
373 2392 477 2452 verbis
506 2394 592 2472 Capt.
623 2394 656 2468 3,
689 2395 719 2455 5.
743 2395 771 2454 7.
813 2394 852 2456 In
870 2393 1055 2474 quibusdam
1073 2403 1151 2456 vett.

176 2501 266 2562 editt.
292 2499 423 2581 perditis
449 2500 588 2560 numeris
614 2511 677 2562 est:

217 2609 314 2669 Decet
334 2610 490 2689 equidem,
522 2611 676 2671 innocens
697 2614 753 2692 qui
772 2613 815 2671 sit
834 2622 924 2692 etque
943 2613 1102 2673 incoctus.

214 2718 265 2778 Vs.
296 2719 346 2779 lt.
370 2740 429 2801 per
458 2718 603 2780 nebulam
623 2722 753 2795 scimus,
784 2721 807 2782 i.
829 2740 856 2782 e.
874 2741 938 2781 non
958 2721 1034 2782 satis
1051 2731 1149 2782 certo.

176 2830 323 2889 Tractum
347 2847 365 2888 a
392 2848 485 2890 sensu
513 2829 675 2889 oculorum
698 2829 737 2890 ad
762 2829 875 2889 mentis
899 2829 1008 2890 aciem.
1050 2830 1152 2906 Quae·

175 2935 410 3015 cumquccnim
428 2956 485 3017 per
519 2936 667 2998 nebulam
683 2938 838 3012 videmus,
865 2938 1035 2999 incertiora
1060 2947 1148 3010 sunt,

179 3063 238 3106 nee
262 3043 412 3106 distinete
439 3043 618 3105 discerncre
640 3066 810 3126 possumus.
829 3046 870 3107 cl.
890 3048 952 3108 Cic.
971 3046 1011 3107 de
1028 3046 1096 3107 Fin.
1113 3047 1150 3107 V.

179 3153 216 3214 15
247 3162 327 3212 extu.
378 3152 420 3213 Iu
447 3153 575 3233 Infirma
603 3165 719 3230 aetate,
752 3155 963 3235 imbecillesque
981 3165 1083 3214 mente
1100 3156 1150 3215 cic

177 3268 309 3320 naturae
327 3263 416 3341 quasi
430 3282 490 3344 per
507 3262 672 3343 coliciaem
694 3265 845 3323 cernitur.
888 3263 950 3324 Cic.
972 3263 1051 3324 Phil.
1071 3261 1146 3335 XII,
1191 3334 1194 3339 ῃ

175 3369 210 3441 2,
247 3369 277 3430 3.
325 3369 369 3428 De
392 3372 624 3452 praestringere
646 3371 697 3431 vel
714 3373 942 3454 perotriaqere,
980 3369 1064 3451 quod
1086 3371 1170 3430 ibis

178 3475 248 3537 dem
273 3477 369 3538 dubie
394 3479 526 3558 legitur,
563 3480 604 3541 cf.
629 3481 758 3542 Ruhnk.
786 3481 826 3542 ad
844 3482 928 3542 Suet.
946 3477 1025 3559 Aug.
1042 3479 1091 3540 29.
1109 3479 1149 3538 Ut

175 3585 303 3647 Plautus
327 3587 388 3649 hcc
414 3589 498 3664 loeo,
535 3598 568 3650 et
594 3591 679 3669 Capt.
704 3591 736 3664 5,
771 3592 806 3662 l,
839 3590 895 3650 26:
929 3610 988 3672 per
1004 3589 1148 3650 nebulam

166 3695 255 3760 <seire
282 3705 315 3757 ct
343 3698 470 3771 audire,
507 3699 553 3760 ita
580 3698 643 3760 cie.
670 3698 709 3759 ad
735 3695 801 3759 Act.
818 3698 905 3760 XIII.
929 3699 968 3760 lt
983 3698 1052 3759 init.
1069 3698 1151 3760 dixit

175 3801 210 3860 ic
231 3804 365 3885 strepitu
383 3806 557 3870 cecedicse.

215 3908 266 3970 Vs.
289 3911 338 3972 58.
361 3911 462 3972 lerele
480 3915 544 3993 qui.
587 3915 638 3976 Sic
659 3915 725 3979 lere
745 3936 850 3978 omnes
871 3916 955 3990 llus,
978 3925 1016 3976 ut
1035 3931 1146 3976 anaco-
