2670 5146
623 347 700 421 152

241 592 359 658 Probis
380 614 417 656 se
435 588 564 654 artibus
579 600 723 653 teneant.
760 588 844 653 Cum
856 590 909 656 hir
923 594 1009 659 mihi
1022 617 1084 664 nee
1096 598 1146 664 la·

868 729 927 773 eur
942 755 952 788 ,
966 731 1028 777 nee
1040 731 1146 780 sermo

177 823 432 900 reconvenit,
455 842 564 908 neque
587 819 642 884 hie
666 841 820 908 umquam
842 822 968 889 nobilis
992 827 1059 893 fui.

240 943 327 1028 Ego,
341 951 379 1002 ut
391 935 477 1002 mihi
490 938 760 1022 imperatnmest‚
772 936 953 1018 etsiabeet,
966 939 1146 1011 hieadesse

1032 1057 1145 1125 herum

238 1168 416 1236 Arbitror:
439 1188 527 1232 nnnc
552 1188 613 1253 ege
639 1164 736 1231 illum
756 1179 866 1233 metuo
880 1215 890 1248 ‚
902 1203 904 1207 Α
917 1171 1070 1240 eum.hie
1083 1197 1144 1240 non

1028 1289 1143 1369 adest,

240 1397 293 1465 Ne
305 1399 522 1474 ennaseiet,
547 1409 711 1462 metuam:
738 1399 773 1461 ei
783 1399 979 1486 reioperam
991 1402 1088 1470 dabo.
1169 1394 1172 1399 ’

240 1511 328 1581 Nam
338 1532 388 1577 me
403 1514 439 1576 in
451 1511 589 1606 taberna
601 1530 706 1599 nsque
720 1510 827 1577 adhue
840 1515 967 1579 sineret
981 1514 1088 1599 Syrus
1102 1564 1111 1596 ,

177 1631 231 1695 15.
244 1626 333 1703 Quoi
358 1626 436 1692 dedi
458 1623 666 1710 symbolum:
693 1626 800 1691 mansi
824 1639 862 1691 ut
881 1633 1057 1714 jusserat:

235 1744 330 1810 Lena
354 1740 413 1806 nbi
436 1754 528 1807 esset
550 1741 662 1818 dorni,
686 1762 739 1806 me
763 1740 875 1828 ajebat
897 1766 1083 1812 arcessere.

237 1857 365 1924 Verum
384 1855 450 1927 ‚nbi
471 1859 502 1922 ia
525 1878 590 1922 non
606 1858 725 1935 venit,
749 1871 941 1939 recreent,
966 1861 1141 1929 venioirue

1035 1973 1121 2041 ultro
1134 2022 1142 2054 ‚

243 2089 285 2139 10.
302 2089 427 2139 eosvenit
443 2088 487 2137 iia
503 2101 659 2153 nmrtquam.
696 2087 736 2138 ll.
756 2095 788 2137 ut
804 2103 850 2154 eqo
866 2089 945 2140 miti.

244 2211 285 2264 14.
304 2213 458 2275 taminiae·
474 2196 559 2261 verriu
575 2227 667 2278 eaque.
705 2213 746 2263 16.
766 2218 805 2261 eat
821 2212 904 2263 domi.

214 2365 264 2425 Vs.
291 2366 320 2424 9.
351 2363 496 2445 improbis
519 2363 638 2424 artibus
660 2385 691 2423 ae
718 2374 861 2437 teneaat,
895 2384 928 2424 se
954 2365 1141 2440 sustineant,

175 2482 333 2535 tueantur.
375 2472 474 2532 Minus
491 2481 579 2533 reete
596 2473 659 2533 hue
681 2472 759 2533 citat
777 2473 926 2534 Passerat.
958 2475 1051 2536 True.
1072 2475 1100 2536 2.
1121 2477 1146 2535 7.

174 2584 203 2644 3.
225 2581 372 2663 improbis
386 2568 506 2640 artibus
523 2602 554 2640 se
573 2581 720 2662 expoliat,
744 2581 800 2641 ubi
818 2580 885 2640 sine
900 2581 997 2642 dubio
1016 2601 1055 2641 ex
1073 2604 1149 2663 qua-

174 2691 316 2754 rumdam
341 2690 495 2750 librorum
522 2689 709 2750 auctoritate
736 2689 902 2769 legendum
928 2698 975 2749 est
995 2691 1146 2773 expoliat,

176 2820 234 2880 pro
254 2799 415 2880 enspoliet,
447 2797 532 2875 quod
551 2797 665 2855 mirum
684 2779 778 2873 quam
798 2796 972 2859 sententiae
992 2797 1056 2859 loci
1077 2817 1151 2879 pro-

177 2906 263 2966 dest:
295 2906 340 2966 sie
360 2914 463 2965 tamen
482 2904 545 2964 hue
565 2903 646 2963 nihil
666 2903 815 2984 pertinet.

218 3013 269 3076 Vs.
302 3015 349 3076 10.
371 3013 501 3086 nobilis,
533 3032 590 3093 pro
610 3022 716 3086 notus,
750 3022 787 3073 ut
807 3013 952 3094 iqnobilis
973 3023 1005 3074 et
1024 3016 1152 3094 iquore-

179 3124 252 3185 bitis
271 3144 329 3206 pro
348 3124 483 3204 iqnotus.

217 3233 268 3294 Vs.
300 3233 347 3294 13.
378 3253 419 3291 ae
445 3253 514 3292 eum
540 3234 649 3306 assitit,
678 3243 830 3292 metuam.-
857 3231 1150 3312 praeeunte‘Larnb.

86 3397 89 3403 .
138 3321 142 3328 ¹
178 3362 249 3404 eum
283 3339 541 3403 antecedentibus
573 3338 790 3420 conjungenda
814 3348 909 3419 puto:
951 3337 1046 3418 vulgo
1076 3357 1151 3399 ean-

177 3460 245 3511 tra:
276 3449 347 3510 vide
371 3449 456 3511 Trin.
475 3449 508 3523 i,
538 3449 572 3522 2,
600 3449 658 3510 23:

147 3554 149 3558 ’
218 3556 318 3636 Maqis
345 3557 489 3617 lubido'st
514 3556 690 3631 observare,
725 3557 802 3636 quid
825 3565 919 3636 aqut:
951 3556 984 3614 ei
1013 3553 1062 3613 rei
1079 3572 1151 3636 ope·

977 3682 1043 3722 ram
1062 3660 1152 3721 dabo.-

180 3741 265 3804 Asin.
289 3745 317 3805 1.
339 3746 368 3807 3.
390 3747 440 3808 30.

219 3851 323 3934 Neque
347 3853 401 3914 iile
425 3857 500 3930 seit,
539 3858 626 3937 quid.
639 3858 704 3930 det,
730 3854 940 3935 quidamst
949 3851 1075 3932 faeiat:
1097 3849 1149 3909 illi

970 3959 1017 4019 rei
1035 3957 1148 4018 studet.
