2670 5146
639 338 696 415 39

199 620 220 655 ²
316 620 469 733 uerus
494 615 639 733 emur
657 662 812 733 seruo
833 664 1022 736 rurum.

364 911 579 971 csornorrus,
602 911 825 971 rsuunootm,
849 887 986 958 ormo.

246 1113 414 1186 Pseudolo
427 1161 439 1198 ,
453 1115 629 1181 nouandis
643 1137 727 1204 queo
739 1114 796 1183 hio
807 1100 983 1206 loquitur?
1010 1141 1062 1187 rs.
1085 1120 1158 1190 Au-

408 1231 464 1296 dio
476 1231 558 1296 here
567 1231 723 1320 quidem,
737 1243 836 1321 atquo
848 1216 995 1319 euimum
1006 1235 1155 1306 advorto.

243 1369 299 1417 cs.
325 1346 417 1426 Quid
427 1346 514 1413 mihi
527 1369 564 1413 es
577 1336 712 1427 auctor,
726 1345 806 1414 huie
819 1351 1006 1433 utmittom,
1019 1334 1061 1420 ue
1072 1356 1155 1420 omi·

603 1460 607 1467 ’
676 1482 749 1528 oom
761 1460 819 1530 hio
830 1483 937 1530 meam
948 1467 1156 1554 prostituisti

239 1602 290 1647 rs.
314 1575 588 1647 Booeourossis:
610 1575 792 1665 liquidoes
805 1579 936 1647 urimo:
959 1602 1021 1668 ego
1032 1602 1093 1668 pro
1103 1604 1157 1650 mo
1243 1603 1246 1610 ·

197 1680 215 1689 ἰ
857 1707 892 1762 et
902 1716 963 1784 pro
974 1707 1009 1764 te
1022 1697 1157 1765 curabo.

266 1827 293 1879 3.
311 1825 358 1880 Gd.
375 1825 491 1877 Ambros.
509 1824 583 1875 sitit
599 1825 728 1876 eurardo.
1031 1787 1034 1794 -

221 1979 272 2039 Vs.
304 1977 332 2038 l.
361 1977 434 2036 hero
466 1975 608 2056 quidem,
646 1974 762 2035 mirum
797 1975 832 2034 ni
857 1975 985 2038 Plautus
1001 1972 1153 2059 ¹scripsit:

184 2085 284 2147 ierole
301 2086 442 2166 quidem,
465 2083 518 2144 vel
536 2080 637 2143 herode
654 2082 804 2162 equidem.

221 2194 274 2255 Vs.
301 2195 331 2256 3.
361 2193 438 2253 besto
459 2193 609 2255 oo'raeoo'r.
657 2192 755 2271 Major
779 2211 798 2252 e
820 2203 877 2257 stro
900 2191 988 2253 sitit
1000 2197 1166 2270 eureseim*

182 2302 234 2365 oui
258 2300 413 2382 originem
442 2299 559 2361 debore
575 2298 720 2361 existimo
737 2298 896 2380 vulgatam
913 2317 952 2362 ex
968 2299 1161 2383 interpreto-

182 2410 269 2472 tiono
293 2417 409 2470 notum.
459 2407 588 2468 Veteres
614 2407 698 2468 euim
723 2410 1002 2489 praetermodum
1029 2410 1158 2488 εὐφημεῖν

179 2517 368 2599 gestientes,
400 2517 533 2600 optimus
556 2536 615 2598 pro
639 2516 762 2590 sullus,
784 2527 880 2578 'reete
903 2537 963 2600 pro
988 2519 1074 2580 nisit
1089 2539 1156 2581 ros·

177 2625 320 2706 pondero
356 2634 583 2686 consueverant
616 2624 930 2705 interrogatiunculis
961 2625 1055 2689 vitoe*
1072 2646 1157 2688 oom-

177 2734 295 2796 munis'.
334 2733 499 2814 Complura
515 2733 612 2814 hujus
627 2734 723 2795 moris
740 2733 812 2797 vide
829 2734 972 2817 exemplo
987 2755 1006 2798 a
1023 2736 1157 2798 Gronov.
1270 2819 1271 2823 Ἰ

176 2843 220 2907 ed
253 2843 340 2924 Capt.
367 2842 396 2902 2.
424 2843 454 2904 2.
486 2843 554 2905 lot.
580 2841 732 2906 oolleoto:
767 2843 808 2905 of.
837 2844 941 2906 Bentl.
968 2842 1155 2907 adderent.

176 2947 292 3011 Heaut.
323 2949 353 3010 3.
384 2951 414 3011 2.
441 2951 470 3012 7.
501 2950 659 3027 Quomodo
687 2951 798 3014 Graeci
820 2951 855 3013 in
880 2951 989 3015 eadem
1005 2971 1057 3025 re,
1086 2949 1159 3012 vide

176 3055 267 3138 opud
284 3056 373 3119 Kust.
393 3055 546 3121 addrist.
564 3058 642 3122 uon.
662 3059 739 3135 508,
770 3059 898 3124 Gasoub.
919 3059 1005 3122 Leot.
1024 3058 1156 3121 Theoor.

175 3185 208 3231 e.
239 3166 287 3226 16.
313 3165 385 3227 init.

223 3274 345 3352 Quibus
369 3275 431 3339 nisi
457 3276 567 3339 induci
593 3286 626 3339 te
652 3277 782 3377 patiaris
803 3287 841 3340 ut
861 3276 983 3352 eredas,
1003 3274 1098 3336 'boos
1118 3292 1158 3335 ex
1275 3336 1277 3341 .

179 3382 269 3445 sitit
293 3383 497 3466 depravatum
523 3405 604 3461 esse,
645 3387 814 3450 dicendum
838 3386 936 3462 forte,
973 3405 1013 3448 er
1033 3382 1157 3446 diverso

182 3489 273 3553 fonte
290 3509 430 3556 manasse
451 3502 617 3575 utromque
642 3496 819 3558 lectionem.
861 3494 988 3556 Diverso
1004 3491 1088 3553 enim
1100 3502 1165 3552 ex·'

182 3599 336 3681 emploria
376 3601 611 3666 nonnullarum
634 3603 811 3672 tubulorum
847 3601 1024 3677 exstitisse,
1072 3599 1159 3661 houd

184 3708 354 3772 absurdum
387 3721 436 3774 est
468 3713 615 3789 eredere,
652 3710 904 3793 quondoquidem
927 3710 1052 3773 fabulae
1078 3706 1159 3770 oeti-

185 3833 243 3877 one
272 3817 396 3900 saepius
427 3822 583 3902 repetito,
619 3820 807 3883 histrionum
825 3818 993 3883 aceedebut
1016 3817 1158 3897 interpo-

185 3919 277 4002 letio,
311 3945 375 4005 quo
391 3947 450 4010 pro
464 3927 573 3993 ,lubitu
597 3939 629 3992 et
643 3927 811 3995 ¹eommodo
830 3944 891 3991 ‘suo
909 3936 990 3991 totos
1006 3924 1091 3990 locos
1104 3942 1158 3984 re·
