2670 5146
748 409 829 487 too

296 656 445 727 75.Nem
469 677 531 742 ego
553 672 641 720 crem
653 652 742 718 domi
763 653 942 738 imperator
953 668 1101 717 commus
1114 647 1151 717 in
1161 656 1271 740 patrie

1182 791 1268 837 mec.

353 911 409 957 rm·
431 887 487 953 An
510 888 610 953 etiem
622 882 683 950 ille
696 903 839 971 unquam
850 884 1058 969 expugnavit
1070 903 1262 964 carcerem,

992 998 1136 1082 petriam
1147 1011 1239 1066 tuem
1250 1000 1265 1064 i

353 1139 411 1184 rm.
420 1113 663 1183 Contumeliam
677 1115 709 1179 ri
720 1111 960 1192 dicemeudies.
969 1109 1196 1187 nt.Qootumo
1209 1114 1265 1181 dio

352 1235 409 1299 Ex
421 1230 567 1317 Sicyone
579 1231 643 1297 huc
654 1227 868 1316 pervenietii
892 1248 950 1297 ιιι.
974 1225 1093 1294 Altero
1106 1228 1150 1295 ed
1163 1231 1264 1296 meri·

1159 1344 1262 1411 diem.

352 1487 409 1533 rm·
434 1465 576 1531 Strenue
598 1459 765 1527 mehercle
782 1462 857 1524 isti.
892 1444 1193 1546 Quamviqporntx,
1205 1460 1261 1529 hic

236 1543 255 1564 N
1076 1574 1259 1643 esthemo:

289 1700 341 1764 80.
354 1693 424 1762 Ubi
435 1714 545 1760 curem
557 1679 722 1778 espicia's,
737 1691 825 1756 scias
838 1711 938 1776 posse
951 1712 1026 1755 eum
1036 1712 1155 1778 gerere
1169 1711 1257 1757 erm·

1001 1784 1056 1871 ses
1069 1805 1258 1892 compedem

353 1924 444 2003 Quid
455 1923 535 1992 eici
556 1937 635 1990 tune
646 1924 748 1989 etiem
759 1921 909 1988 cubitare
921 1919 1044 1988 solitus
1059 1943 1096 1987 ec
1109 1923 1147 1986 in
1161 1924 1255 1989 currit

1155 2038 1256 2125 pueri

349 2178 407 2226 rm.
432 2155 586 2225 Scilicet.
606 2177 662 2223 rm.
677 2155 831 2221 Etiamne
842 2155 953 2220 fecere
967 2151 1088 2220 tolitur
1103 2152 1156 2221 eei
1170 2153 1253 2220 eoin’

1010 2267 1252 2357 ,quidloqucri

353 2415 395 2467 78.
414 2417 470 2466 olto
485 2415 573 2465 odico
588 2416 709 2465 meridie.

325 2597 374 2658 Vc.
397 2598 444 2658 76.
467 2598 552 2657 Serv.
572 2597 611 2658 ad
628 2595 713 2676 Virg.
733 2596 809 2656 Aen.
830 2596 854 2655 1.
877 2597 945 2657 lto.
965 2581 1003 2656 ei
1023 2596 1132 2659 Pseud.
1208 2676 1213 2682 ,

324 2707 396 2768 Nisi
414 2707 500 2784 forte
516 2724 670 2767 carcerom
688 2714 721 2764 to
740 2704 907 2783 aliquando
924 2704 1088 2785 effreqicti,
1118 2715 1250 2765 ecetram

1121 2814 1250 2881 dotem.

281 2921 337 3002 qui
363 2941 484 2995 versus,
527 2941 623 3001 quum
648 2921 743 2982 hodie
768 2941 919 3000 nmquam
938 2931 1112 3003 comparet,
1145 2922 1249 2985 diver·

281 3052 332 3093 sus
357 3050 422 3093 esce
440 3031 492 3091 vix
509 3039 613 3111 potest
630 3051 648 3092 a
664 3051 708 3092 vs.
729 3032 782 3104 76,
808 3031 989 3091 memoriter
1005 3031 1086 3092 mele
1103 3031 1247 3103 laudato,

280 3139 366 3218 quod
381 3141 483 3202 colent
498 3140 712 3214 Grammatici,
743 3149 779 3200 ut
796 3160 889 3221 supra
904 3140 966 3218 jam
985 3139 1129 3201 vidimus.

320 3249 371 3310 Vs.
393 3249 441 3310 79.
462 3249 603 3329 qoomoie
620 3269 678 3329 pro
695 3250 910 3329 quootmmoit,
940 3249 1117 3324 admodum,
1141 3250 1247 3323 valde,

277 3359 403 3421 comicis
421 3358 670 3431 usitatissimum,
701 3367 733 3419 et
751 3357 834 3438 apud
853 3357 916 3418 Cic.
936 3357 1072 3419 obvium.

318 3465 368 3533 ts.
390 3466 439 3526 80.
461 3467 556 3541 ocios,
579 3485 636 3546 pro
653 3465 773 3539 videar,
790 3450 921 3527 credas:
943 3465 1027 3526 Asin.
1047 3468 1076 3527 3.
1087 3468 1118 3529 3.
1130 3467 1246 3529 129.—

273 3593 362 3656 potee
388 3595 457 3635 eom
481 3595 587 3656 qerere
612 3595 732 3635 craesos
756 3575 926 3657 compedes,
958 3594 1028 3636 eum
1046 3593 1172 3636 cormrm
1189 3595 1244 3639 ne·

277 3691 344 3743 tum
360 3702 442 3757 ecte,
475 3704 537 3745 non
555 3684 789 3766 imperatorem,
822 3682 905 3744 sieut
919 3684 1123 3764 gloriebatur.

281 3782 284 3787 ’
316 3790 366 3852 Vs.
396 3792 443 3852 82.
473 3792 604 3866 scilicet,
644 3803 691 3855 est
716 3792 829 3873 frigide
847 3793 1064 3874 respondentis
1080 3803 1113 3854 et
1129 3812 1244 3856 conce·

275 3901 395 3973 dentis,
436 3909 485 3961 ut·
501 3904 639 3982 saepim:
671 3903 788 3963 scilicet
814 3901 874 3963 hoc
898 3921 1007 3976 verm,
1038 3910 1073 3962 ut
1092 3900 1177 3962 etin
1195 3921 1241 3980 sq.

274 4012 391 4072 scilieet
419 4010 542 4070 solitum
566 4032 646 4084 ecoe,
675 4011 774 4073 multo
793 4010 975 4074 concinnius
992 4010 1125 4090 Herpegi
1144 4008 1242 4073 tribui
