2670 5146
612 349 686 425 11⁷
727 430 730 434 ⁴

203 636 221 665 κ
237 598 323 666 Non⁴
338 617 413 684 οςος
425 596 507 671 item
529 609 663 684 coenam
685 588 804 655 condio
817 603 830 670 ,’
852 604 888 658 ut
914 591 978 658 elii
999 599 1122 682 coqui,

120 723 122 726 ’
172 797 177 804 ¹
238 715 307 792 Qui
331 710 417 779 mihi
440 707 575 782 condita
597 719 692 795 prata
717 708 754 771 iu
775 708 903 792 patinis
926 690 1142 803 presserunt,¹

238 831 347 896 Boves
361 827 418 913 qui
430 824 589 890 convivas
602 822 732 888 faciunt
746 867 756 900 ‚
771 800 958 909 herbasque
971 838 1147 916 oggerum:

214 945 305 1009 ,Eas
324 939 453 1030 ¹herbas
475 935 591 1001 herbis
617 933 698 1000 aliis
720 956 820 1021 perro
844 936 1025 1017 condiunt,

173 1068 228 1130 25.
243 1049 1148 1136 luduntcoriandrum,feniculum‚allium‚etrrnnelus,
1183 1072 1187 1077 ·

240 1169 595 1261 Appenuntrumicem
608 1212 619 1244 ,
632 1164 842 1244 brassicam,
856 1164 991 1245 betam,
1005 1153 1126 1233 blitum
1142 1217 1152 1248 ,

244 1290 294 1354 Εο
317 1284 495 1370 laserpicii
516 1280 639 1346 libram
658 1279 768 1366 pondo
791 1273 948 1347 diluunt:
986 1296 987 1299 ’

242 1378 380 1469 'Petitur
391 1387 522 1484 sinapis
535 1393 700 1460 scelerata
711 1416 786 1459 cum
798 1393 894 1461 illis:
920 1398 980 1482 qui
992 1408 1103 1465 terunt
1117 1445 1143 1478 ,.

264 1555 307 1606 25.
327 1552 481 1604 coriandro.
513 1549 557 1600 28.
576 1549 683 1614 sinapis
700 1547 799 1599 cetera.

178 1688 216 1751 ad
246 1685 333 1766 Epic.
366 1685 400 1758 1,
435 1680 557 1759 1,'52;
588 1680 724 1743 Turneb.
747 1682 787 1742 ad
807 1684 899 1744 Truc.
921 1686 958 1758 2,
983 1688 1019 1759 7,
1044 1689 1098 1763 ll,
1122 1702 1155 1752 et
1235 1700 1246 1725 ’·

180 1797 314 1856 Gronov.
334 1793 373 1852 de
394 1792 465 1851 Pcc.
487 1789 555 1849 Vct.
578 1788 638 1849 III.
660 1789 690 1848 3.
712 1809 744 1869 p,
768 1791 835 1852 13t.
859 1794 862 1799 ’
1168 1833 1172 1836 «

174 1928 177 1934 ·
222 1903 273 1963 Vs.
304 1903 360 1961 26.
379 1900 511 1959 blitum:
541 1896 621 1957 Plin.
644 1896 679 1956 Η.
701 1898 737 1956 N.
759 1897 820 1958 XX.
842 1899 901 1958 22:
932 1900 1051 1964 Blitnm
1071 1908 1158 1970 iners

181 2012 320 2083 videtur,
345 2008 471 2068 ccsine
493 2024 601 2085 sapere
622 2015 678 2062 ent
698 2005 872 2064 acrimonia
885 2005 972 2067 nlla:
992 2012 1159 2074 nnelecon-

179 2119 297 2179 eiciunt
309 2115 446 2195 seminis
466 2113 549 2193 apud
568 2110 778 2172 Menandrum
788 2114 1046 2192 fuciuntmcrc'ti.
1067 2121 1159 2202 Apud

181 2227 328 2289 Plautum
359 2225 452 2284 Truc.
473 2222 509 2293 i,
534 2221 569 2294 lt,
597 2221 611 2279 l
634 2219 785 2280 meretrix
807 2221 925 2282 dicitur
945 2224 1039 2286 blitea
1058 2238 1091 2290 ct
1112 2230 1160 2292 ln·

179 2345 245 2409 tee,
286 2333 307 2392 i.
338 2352 366 2392 e.
396 2328 508 2401 harda,
550 2327 676 2407 stupida
705 2337 738 2388 et
757 2327 863 2390 fatua:
895 2329 937 2393 ef.
958 2332 1065 2395 Festus
1085 2336 1107 2398 i.
1128 2357 1159 2400 v.

182 2443 303 2502 blitnm.
346 2438 424 2498 Inde
444 2437 527 2498 sorte
549 2435 704 2497 Gallicum
724 2435 843 2497 beline.

223 2550 273 2610 Vs.
302 2549 352 2608 27.
379 2566 413 2605 ee
442 2546 589 2605 ditnnnt:
619 2545 642 2605 i.
664 2564 693 2606 e.
714 2562 752 2605 eo
772 2546 930 2628 laserpicii
949 2549 1063 2612 libram
1081 2573 1161 2634 pen·

181 2658 248 2731 dn,.
261 2655 385 2735 liquore
405 2653 513 2734 aliquo
533 2652 682 2726 dilutam,
707 2651 836 2714 addunt.
880 2655 925 2715 De
944 2656 1161 2739 laserpiciocf.

184 2766 276 2829 Salm.
308 2763 348 2825 ud
377 2762 457 2824 Rud.
486 2762 523 2835 3,
556 2762 592 2834 2,
628 2760 675 2821 16.
706 2795 747 2806 -
767 2761 880 2822 libram
896 2766 1022 2846 ponde:
1050 2768 1162 2833 libram

184 2872 386 2955 ponderalem
406 2871 451 2932 sic
472 2868 691 2951 significabunt
711 2879 848 2945 veteres,
882 2881 919 2932 ut
938 2873 1168 2956 distinguerent

187 2984 308 3070 alihru
326 2979 517 3040 mensuralis
552 2981 619 3054 Qua
639 2977 680 3038 de
700 2997 735 3038 re
754 2979 847 3058 plura
866 2979 954 3041 dabit
974 2983 1067 3046 Gron.
1088 2987 1121 3048 L.
1133 2989 1165 3050 P.
1259 3022 1266 3037 e

185 3113 216 3172 p.
239 3091 308 3152 323.
331 3109 398 3168 sqq.

229 3199 281 3260 Vs.
321 3198 370 3257 28.
400 3196 515 3254 teritur
543 3195 665 3277 sietcpis
693 3196 861 3257 scelerate.-
898 3199 984 3258 Serv.
1014 3200 1054 3261 ad
1082 3203 1168 3285 Virg.
1256 3266 1258 3270 ,
1300 3263 1303 3268 .

188 3307 265 3367 Aen.
296 3305 347 3365 IX.
376 3305 436 3364 286
465 3303 561 3382 legit:
586 3304 710 3382 seritur
739 3304 861 3385 sinapis
891 3305 1023 3381 scelera,
1066 3329 1165 3388 quae,

190 3422 411 3497 praeterquam
439 3413 472 3472 in
500 3411 578 3472 vitio
605 3410 770 3472 manifesto
798 3411 893 3493 primi
921 3430 1007 3486 voe,
1039 3423 1171 3480 tuentur

190 3522 279 3610 ¹hies,
321 3521 506 3582 exhibentes
535 3519 652 3594 celera,
695 3520 781 3598 quod
808 3520 962 3597 quomodo
990 3536 1173 3609 corruptum

197 3630 254 3705 sit,
277 3629 435 3691 neminem
455 3630 544 3691 latet.
587 3629 673 3691 Nihil
692 3628 893 3698 mutandum:
925 3649 998 3692 nam
1015 3633 1082 3695 sive
1101 3637 1174 3697 Ser·
1249 3636 1255 3656 ‘

197 3739 325 3799 sianum
355 3737 570 3812 adsciscimus,
603 3737 668 3818 sive
694 3739 857 3820 vulgatam¹
872 3738 1027 3820 integram
1046 3763 1114 3805 esse
1133 3747 1175 3806 si-

199 3846 317 3920 nimus,
337 3847 412 3926 jure
432 3847 537 3913 locum
556 3867 647 3908 suum
666 3846 799 3907 obtinet.
829 3847 1051 3912 Obnitentibus
1064 3870 1173 3930 quam-

200 3954 361 4040 uisfiblss„
395 3954 547 4016 Prisciani
576 3952 623 4035 (in
644 3954 720 4023 edit,
743 3954 869 4019 Putsch.
890 3955 956 4020 Lib.
977 3957 1030 4018 VI.
1051 3979 1083 4038 p.
1104 3958 1174 4020 682.
1283 4002 1286 4011 .
