<?xml version="1.0" encoding="UTF-8"?>
<!DOCTYPE html PUBLIC "-//W3C//DTD XHTML 1.0 Transitional//EN"
    "http://www.w3.org/TR/xhtml1/DTD/xhtml1-transitional.dtd">
<html xmlns="http://www.w3.org/1999/xhtml" xml:lang="en" lang="en">
 <head>
  <title>
</title>
<meta http-equiv="Content-Type" content="text/html;charset=utf-8" />
  <meta name='ocr-system' content='tesseract 3.04.00' />
  <meta name='ocr-capabilities' content='ocr_page ocr_carea ocr_par ocr_line ocrx_word'/>
</head>
<body>
  <div class='ocr_page' id='page_1' title='image "./specimenliterar00plaugoog_0012.png"; bbox 0 0 2670 5146; ppageno 0'>
   <div class='ocr_carea' id='block_1_1' title="bbox 577 412 1113 451">
    <p class='ocr_par' dir='ltr' id='par_1_1' title="bbox 577 412 1113 451">
     <span class='ocr_line' id='line_1_1' title="bbox 577 412 1113 451; baseline 0 0"><span class='ocrx_word' id='word_1_1' title='bbox 577 415 664 427; x_wconf 84' lang='grc'><strong>’“““““</strong></span> <span class='ocrx_word' id='word_1_2' title='bbox 1090 412 1113 451; x_wconf 73' lang='lat' dir='ltr'>V</span> 
     </span>
    </p>
   </div>
   <div class='ocr_carea' id='block_1_2' title="bbox 45 603 1286 3001">
    <p class='ocr_par' dir='ltr' id='par_1_2' title="bbox 45 603 1286 1961">
     <span class='ocr_line' id='line_1_2' title="bbox 141 603 1110 695; baseline 0.006 -24"><span class='ocrx_word' id='word_1_3' title='bbox 141 627 224 671; x_wconf 88' lang='lat' dir='ltr'><em>mum</em></span> <span class='ocrx_word' id='word_1_4' title='bbox 246 606 458 673; x_wconf 79' lang='lat' dir='ltr'><em>Membrauis</em></span> <span class='ocrx_word' id='word_1_5' title='bbox 481 603 590 668; x_wconf 80' lang='lat' dir='ltr'><em>Acco.</em></span> <span class='ocrx_word' id='word_1_6' title='bbox 616 609 672 668; x_wconf 86' lang='lat' dir='ltr'><em>nti</em></span> <span class='ocrx_word' id='word_1_7' title='bbox 694 611 833 690; x_wconf 86' lang='lat' dir='ltr'><em>coepit,</em></span> <span class='ocrx_word' id='word_1_8' title='bbox 858 607 909 692; x_wconf 81' lang='grc'><em>(2)</em></span> <span class='ocrx_word' id='word_1_9' title='bbox 936 617 1110 695; x_wconf 86' lang='lat' dir='ltr'><em>parcissi-</em></span> 
     </span>
     <span class='ocr_line' id='line_1_3' title="bbox 141 720 1114 804; baseline 0.004 -16"><span class='ocrx_word' id='word_1_10' title='bbox 141 745 190 787; x_wconf 88' lang='lat' dir='ltr'><em>me</em></span> <span class='ocrx_word' id='word_1_11' title='bbox 233 725 335 788; x_wconf 88' lang='lat' dir='ltr'><em>ilium</em></span> <span class='ocrx_word' id='word_1_12' title='bbox 378 720 439 786; x_wconf 80' lang='lat' dir='ltr'><em>loos</em></span> <span class='ocrx_word' id='word_1_13' title='bbox 483 725 683 804; x_wconf 71' lang='lat' dir='ltr'><em>inspexisse</em></span> <span class='ocrx_word' id='word_1_14' title='bbox 728 721 914 786; x_wconf 82' lang='lat' dir='ltr'><em>uideamus.</em></span> <span class='ocrx_word' id='word_1_15' title='bbox 972 724 1114 792; x_wconf 70' lang='lat' dir='ltr'><em>Minime</em></span> 
     </span>
     <span class='ocr_line' id='line_1_4' title="bbox 142 837 1112 926; baseline 0.004 -23"><span class='ocrx_word' id='word_1_16' title='bbox 142 845 260 924; x_wconf 83' lang='lat' dir='ltr'><em>itaque</em></span> <span class='ocrx_word' id='word_1_17' title='bbox 305 837 582 902; x_wconf 77' lang='lat' dir='ltr'><em>contemnendam</em></span> <span class='ocrx_word' id='word_1_18' title='bbox 615 840 841 900; x_wconf 88' lang='lat' dir='ltr'><em>accessionem</em></span> <span class='ocrx_word' id='word_1_19' title='bbox 887 839 968 904; x_wconf 78' lang='lat' dir='ltr'><em>lossic</em></span> <span class='ocrx_word' id='word_1_20' title='bbox 1000 850 1112 926; x_wconf 84' lang='lat' dir='ltr'><em>speci·</em></span> 
     </span>
     <span class='ocr_line' id='line_1_5' title="bbox 141 952 1112 1029; baseline 0.004 -11"><span class='ocrx_word' id='word_1_21' title='bbox 141 959 226 1019; x_wconf 89' lang='lat' dir='ltr'><em>mini</em></span> <span class='ocrx_word' id='word_1_22' title='bbox 248 954 326 1025; x_wconf 73' lang='lat' dir='ltr'><em>fore</em></span> <span class='ocrx_word' id='word_1_23' title='bbox 348 952 547 1017; x_wconf 75' lang='lat' dir='ltr'><em>arbitratus</em></span> <span class='ocrx_word' id='word_1_24' title='bbox 570 972 666 1029; x_wconf 91' lang='lat' dir='ltr'><em>sum,</em></span> <span class='ocrx_word' id='word_1_25' title='bbox 696 955 746 1016; x_wconf 81' lang='lat' dir='ltr'><em>‘si</em></span> <span class='ocrx_word' id='word_1_26' title='bbox 769 957 807 1016; x_wconf 91' lang='lat' dir='ltr'><em>in</em></span> <span class='ocrx_word' id='word_1_27' title='bbox 833 953 1005 1019; x_wconf 80' lang='lat' dir='ltr'><em>Pseudolo</em></span> <span class='ocrx_word' id='word_1_28' title='bbox 1028 957 1112 1022; x_wconf 87' lang='lat' dir='ltr'><em>diii-</em></span> 
     </span>
     <span class='ocr_line' id='line_1_6' title="bbox 139 1069 1111 1155; baseline 0.003 -21"><span class='ocrx_word' id='word_1_29' title='bbox 139 1078 264 1154; x_wconf 76' lang='lat' dir='ltr'><em>9enter</em></span> <span class='ocrx_word' id='word_1_30' title='bbox 318 1078 516 1146; x_wconf 85' lang='lat' dir='ltr'><em>enatarem,</em></span> <span class='ocrx_word' id='word_1_31' title='bbox 573 1075 677 1153; x_wconf 88' lang='lat' dir='ltr'><em>atque</em></span> <span class='ocrx_word' id='word_1_32' title='bbox 724 1074 847 1132; x_wconf 84' lang='lat' dir='ltr'><em>tentui</em></span> <span class='ocrx_word' id='word_1_33' title='bbox 890 1069 1111 1155; x_wconf 78' lang='lat' dir='ltr'><em>subjicerem,</em></span> 
     </span>
     <span class='ocr_line' id='line_1_7' title="bbox 141 1182 1109 1272; baseline 0.003 -23"><span class='ocrx_word' id='word_1_34' title='bbox 141 1205 367 1272; x_wconf 80' lang='lat' dir='ltr'><em>qsoaecnmqne</em></span> <span class='ocrx_word' id='word_1_35' title='bbox 410 1206 430 1246; x_wconf 91' lang='lat' dir='ltr'><em>a</em></span> <span class='ocrx_word' id='word_1_36' title='bbox 465 1184 614 1267; x_wconf 85' lang='lat' dir='ltr'><em>reliquis</em></span> <span class='ocrx_word' id='word_1_37' title='bbox 649 1182 738 1246; x_wconf 84' lang='lat' dir='ltr'><em>Mss.</em></span> <span class='ocrx_word' id='word_1_38' title='bbox 773 1184 954 1248; x_wconf 82' lang='lat' dir='ltr'><em>discedens</em></span> <span class='ocrx_word' id='word_1_39' title='bbox 991 1185 1109 1253; x_wconf 78' lang='lat' dir='ltr'><em>codes</em></span> 
     </span>
     <span class='ocr_line' id='line_1_8' title="bbox 142 1292 1111 1384; baseline 0.002 -18"><span class='ocrx_word' id='word_1_40' title='bbox 142 1323 231 1366; x_wconf 84' lang='lat' dir='ltr'><em>noca</em></span> <span class='ocrx_word' id='word_1_41' title='bbox 252 1302 430 1382; x_wconf 81' lang='lat' dir='ltr'><em>afferret:</em></span> <span class='ocrx_word' id='word_1_42' title='bbox 465 1292 511 1362; x_wconf 55' lang='lat' dir='ltr'><em>&#39;ne</em></span> <span class='ocrx_word' id='word_1_43' title='bbox 533 1297 722 1378; x_wconf 84' lang='lat' dir='ltr'><em>manifesta</em></span> <span class='ocrx_word' id='word_1_44' title='bbox 746 1299 879 1384; x_wconf 85' lang='lat' dir='ltr'><em>qnidam</em></span> <span class='ocrx_word' id='word_1_45' title='bbox 900 1322 921 1364; x_wconf 91' lang='lat' dir='ltr'><em>a</em></span> <span class='ocrx_word' id='word_1_46' title='bbox 946 1302 1111 1368; x_wconf 79' lang='lat' dir='ltr'><em>librario-</em></span> 
     </span>
     <span class='ocr_line' id='line_1_9' title="bbox 143 1415 1111 1500; baseline 0.003 -20"><span class='ocrx_word' id='word_1_47' title='bbox 143 1439 217 1482; x_wconf 89' lang='lat' dir='ltr'><em>rum</em></span> <span class='ocrx_word' id='word_1_48' title='bbox 249 1421 390 1482; x_wconf 87' lang='lat' dir='ltr'><em>incuria</em></span> <span class='ocrx_word' id='word_1_49' title='bbox 417 1415 584 1500; x_wconf 88' lang='lat' dir='ltr'><em>prosecta</em></span> <span class='ocrx_word' id='word_1_50' title='bbox 608 1419 699 1480; x_wconf 86' lang='lat' dir='ltr'><em>uitia</em></span> <span class='ocrx_word' id='word_1_51' title='bbox 723 1421 878 1499; x_wconf 90' lang='lat' dir='ltr'><em>recipere</em></span> <span class='ocrx_word' id='word_1_52' title='bbox 901 1429 1111 1500; x_wconf 88' lang='lat' dir='ltr'><em>aspernatus</em></span> 
     </span>
     <span class='ocr_line' id='line_1_10' title="bbox 45 1532 1113 1620; baseline 0.003 -22"><span class='ocrx_word' id='word_1_53' title='bbox 45 1582 47 1588; x_wconf 82' lang='lat'><em>-</em></span> <span class='ocrx_word' id='word_1_54' title='bbox 141 1556 237 1614; x_wconf 89' lang='lat' dir='ltr'><em>sum,</em></span> <span class='ocrx_word' id='word_1_55' title='bbox 263 1538 422 1620; x_wconf 80' lang='lat' dir='ltr'><em>qnoniam</em></span> <span class='ocrx_word' id='word_1_56' title='bbox 445 1537 483 1596; x_wconf 89' lang='lat' dir='ltr'><em>in</em></span> <span class='ocrx_word' id='word_1_57' title='bbox 506 1532 641 1596; x_wconf 84' lang='lat' dir='ltr'><em>Planta</em></span> <span class='ocrx_word' id='word_1_58' title='bbox 662 1537 853 1617; x_wconf 89' lang='lat' dir='ltr'><em>praecipue</em></span> <span class='ocrx_word' id='word_1_59' title='bbox 875 1535 994 1598; x_wconf 83' lang='lat' dir='ltr'><em>volere</em></span> <span class='ocrx_word' id='word_1_60' title='bbox 1016 1541 1113 1600; x_wconf 84' lang='lat' dir='ltr'><em>enis-</em></span> 
     </span>
     <span class='ocr_line' id='line_1_11' title="bbox 143 1630 1109 1733; baseline 0.002 -21"><span class='ocrx_word' id='word_1_61' title='bbox 143 1654 249 1725; x_wconf 87' lang='lat' dir='ltr'><em>timo,</em></span> <span class='ocrx_word' id='word_1_62' title='bbox 284 1648 376 1733; x_wconf 87' lang='lat' dir='ltr'><em>quod</em></span> <span class='ocrx_word' id='word_1_63' title='bbox 397 1648 522 1712; x_wconf 89' lang='lat' dir='ltr'><em>dudum</em></span> <span class='ocrx_word' id='word_1_64' title='bbox 540 1651 873 1731; x_wconf 76' lang='lat' dir='ltr'><em>pronunciaverunt</em></span> <span class='ocrx_word' id='word_1_65' title='bbox 895 1653 967 1712; x_wconf 85' lang='lat' dir='ltr'><em>uiri</em></span> <span class='ocrx_word' id='word_1_66' title='bbox 989 1630 1109 1728; x_wconf 76' lang='lat' dir='ltr'><em>docti,</em></span> 
     </span>
     <span class='ocr_line' id='line_1_12' title="bbox 144 1738 1286 1851; baseline 0.005 -23"><span class='ocrx_word' id='word_1_67' title='bbox 144 1785 241 1851; x_wconf 85' lang='lat' dir='ltr'><em>quasa</em></span> <span class='ocrx_word' id='word_1_68' title='bbox 275 1738 420 1828; x_wconf 81' lang='lat' dir='ltr'><em>manime</em></span> <span class='ocrx_word' id='word_1_69' title='bbox 463 1765 605 1828; x_wconf 86' lang='lat' dir='ltr'><em>scilicet</em></span> <span class='ocrx_word' id='word_1_70' title='bbox 638 1765 863 1846; x_wconf 81' lang='lat' dir='ltr'><em>depravatam</em></span> <span class='ocrx_word' id='word_1_71' title='bbox 895 1770 1110 1848; x_wconf 88' lang='lat' dir='ltr'><em>scripturam</em></span> <span class='ocrx_word' id='word_1_72' title='bbox 1176 1838 1177 1841; x_wconf 8' lang='grc' dir='ltr'><strong>Ἴ</strong></span> <span class='ocrx_word' id='word_1_73' title='bbox 1276 1818 1286 1834; x_wconf 88' lang='grc'>.</span> 
     </span>
     <span class='ocr_line' id='line_1_13' title="bbox 142 1876 1024 1961; baseline 0.002 -19"><span class='ocrx_word' id='word_1_74' title='bbox 142 1884 217 1942; x_wconf 81' lang='lat' dir='ltr'><em>aeri</em></span> <span class='ocrx_word' id='word_1_75' title='bbox 241 1879 432 1961; x_wconf 73' lang='lat' dir='ltr'><em>iudapandi</em></span> <span class='ocrx_word' id='word_1_76' title='bbox 458 1882 546 1941; x_wconf 88' lang='lat' dir='ltr'><em>viam</em></span> <span class='ocrx_word' id='word_1_77' title='bbox 568 1876 662 1942; x_wconf 79' lang='lat' dir='ltr'><em>haud</em></span> <span class='ocrx_word' id='word_1_78' title='bbox 682 1879 786 1942; x_wconf 86' lang='lat' dir='ltr'><em>semei</em></span> <span class='ocrx_word' id='word_1_79' title='bbox 809 1881 1024 1946; x_wconf 67' lang='lat' dir='ltr'><em>ostendisse·</em></span> 
     </span>
    </p>

    <p class='ocr_par' dir='ltr' id='par_1_3' title="bbox 137 1992 1156 2771">
     <span class='ocr_line' id='line_1_14' title="bbox 187 1992 1111 2078; baseline 0.002 -21"><span class='ocrx_word' id='word_1_80' title='bbox 187 1992 228 2057; x_wconf 86' lang='lat' dir='ltr'><em>Si</em></span> <span class='ocrx_word' id='word_1_81' title='bbox 253 1998 330 2078; x_wconf 80' lang='lat' dir='ltr'><em>quis</em></span> <span class='ocrx_word' id='word_1_82' title='bbox 353 2014 401 2068; x_wconf 85' lang='lat' dir='ltr'><em>nse</em></span> <span class='ocrx_word' id='word_1_83' title='bbox 426 2000 550 2074; x_wconf 73' lang='lat' dir='ltr'><em>rapat,</em></span> <span class='ocrx_word' id='word_1_84' title='bbox 575 2015 641 2077; x_wconf 82' lang='lat' dir='ltr'><em>qua</em></span> <span class='ocrx_word' id='word_1_85' title='bbox 665 2014 702 2056; x_wconf 89' lang='lat' dir='ltr'><em>re</em></span> <span class='ocrx_word' id='word_1_86' title='bbox 725 1994 913 2070; x_wconf 89' lang='lat' dir='ltr'><em>inductus,</em></span> <span class='ocrx_word' id='word_1_87' title='bbox 938 2003 976 2058; x_wconf 87' lang='lat' dir='ltr'><em>in</em></span> <span class='ocrx_word' id='word_1_88' title='bbox 999 1997 1111 2060; x_wconf 87' lang='lat' dir='ltr'><em>Psen-</em></span> 
     </span>
     <span class='ocr_line' id='line_1_15' title="bbox 141 2096 1111 2194; baseline 0 -20"><span class='ocrx_word' id='word_1_89' title='bbox 141 2096 220 2174; x_wconf 86' lang='lat' dir='ltr'><em>doIo</em></span> <span class='ocrx_word' id='word_1_90' title='bbox 261 2113 482 2194; x_wconf 89' lang='lat' dir='ltr'><em>potissimum</em></span> <span class='ocrx_word' id='word_1_91' title='bbox 527 2109 796 2193; x_wconf 89' lang='lat' dir='ltr'><em>interpretanda</em></span> <span class='ocrx_word' id='word_1_92' title='bbox 830 2129 967 2192; x_wconf 88' lang='lat' dir='ltr'><em>operam</em></span> <span class='ocrx_word' id='word_1_93' title='bbox 1009 2131 1111 2174; x_wconf 82' lang='lat' dir='ltr'><em>meam</em></span> 
     </span>
     <span class='ocr_line' id='line_1_16' title="bbox 137 2223 1110 2309; baseline 0.002 -23"><span class='ocrx_word' id='word_1_94' title='bbox 137 2229 341 2308; x_wconf 83' lang='lat' dir='ltr'><em>posuerim,</em></span> <span class='ocrx_word' id='word_1_95' title='bbox 388 2223 471 2287; x_wconf 81' lang='lat' dir='ltr'><em>haec</em></span> <span class='ocrx_word' id='word_1_96' title='bbox 497 2228 691 2307; x_wconf 84' lang='lat' dir='ltr'><em>praecipue</em></span> <span class='ocrx_word' id='word_1_97' title='bbox 724 2245 829 2287; x_wconf 89' lang='lat' dir='ltr'><em>caasa</em></span> <span class='ocrx_word' id='word_1_98' title='bbox 860 2224 961 2302; x_wconf 66' lang='lat' dir='ltr'><em>ficit,</em></span> <span class='ocrx_word' id='word_1_99' title='bbox 997 2226 1110 2309; x_wconf 81' lang='lat' dir='ltr'><em>quod,</em></span> 
     </span>
     <span class='ocr_line' id='line_1_17' title="bbox 145 2338 1156 2418; baseline 0.003 -15"><span class='ocrx_word' id='word_1_100' title='bbox 145 2360 217 2403; x_wconf 85' lang='lat' dir='ltr'><em>cum</em></span> <span class='ocrx_word' id='word_1_101' title='bbox 242 2338 404 2418; x_wconf 71' lang='lat' dir='ltr'><em>fabiolam</em></span> <span class='ocrx_word' id='word_1_102' title='bbox 436 2341 536 2403; x_wconf 87' lang='lat' dir='ltr'><em>illam</em></span> <span class='ocrx_word' id='word_1_103' title='bbox 564 2340 844 2418; x_wconf 83' lang='lat' dir='ltr'><em>efestiaissimis</em></span> <span class='ocrx_word' id='word_1_104' title='bbox 866 2339 997 2408; x_wconf 77' lang='lat' dir='ltr'><em>Plauti</em></span> <span class='ocrx_word' id='word_1_105' title='bbox 1015 2341 1112 2418; x_wconf 76' lang='lat' dir='ltr'><em>iudi·</em></span> <span class='ocrx_word' id='word_1_106' title='bbox 1153 2366 1156 2371; x_wconf 88' lang='lat'><strong>·</strong></span> 
     </span>
     <span class='ocr_line' id='line_1_18' title="bbox 141 2456 1112 2540; baseline 0.002 -22"><span class='ocrx_word' id='word_1_107' title='bbox 141 2474 276 2531; x_wconf 88' lang='lat' dir='ltr'><em>curem,</em></span> <span class='ocrx_word' id='word_1_108' title='bbox 303 2460 387 2540; x_wconf 87' lang='lat' dir='ltr'><em>qai,</em></span> <span class='ocrx_word' id='word_1_109' title='bbox 411 2463 454 2518; x_wconf 89' lang='lat' dir='ltr'><em>ut</em></span> <span class='ocrx_word' id='word_1_110' title='bbox 475 2456 617 2519; x_wconf 86' lang='lat' dir='ltr'><em>videtur</em></span> <span class='ocrx_word' id='word_1_111' title='bbox 630 2502 640 2535; x_wconf 99' lang='lat'><em>,</em></span> <span class='ocrx_word' id='word_1_112' title='bbox 666 2476 777 2519; x_wconf 88' lang='lat' dir='ltr'><em>omnes</em></span> <span class='ocrx_word' id='word_1_113' title='bbox 800 2459 935 2538; x_wconf 70' lang='lat' dir='ltr'><em>inperii</em></span> <span class='ocrx_word' id='word_1_114' title='bbox 958 2461 1112 2520; x_wconf 81' lang='lat' dir='ltr'><em>cirasia</em></span> 
     </span>
     <span class='ocr_line' id='line_1_19' title="bbox 139 2568 1110 2657; baseline 0.003 -24"><span class='ocrx_word' id='word_1_115' title='bbox 139 2571 207 2635; x_wconf 87' lang='lat' dir='ltr'><em>iila</em></span> <span class='ocrx_word' id='word_1_116' title='bbox 229 2570 445 2648; x_wconf 80' lang='lat' dir='ltr'><em>conjicienda</em></span> <span class='ocrx_word' id='word_1_117' title='bbox 478 2571 682 2635; x_wconf 82' lang='lat' dir='ltr'><em>intenderat</em></span> <span class='ocrx_word' id='word_1_118' title='bbox 705 2568 781 2657; x_wconf 82' lang='lat'><em>(4),</em></span> <span class='ocrx_word' id='word_1_119' title='bbox 819 2572 998 2656; x_wconf 85' lang='lat' dir='ltr'><em>eademqne</em></span> <span class='ocrx_word' id='word_1_120' title='bbox 1026 2572 1110 2636; x_wconf 90' lang='lat' dir='ltr'><em>adea</em></span> 
     </span>
     <span class='ocr_line' id='line_1_20' title="bbox 141 2685 1112 2771; baseline 0.005 -24"><span class='ocrx_word' id='word_1_121' title='bbox 141 2693 228 2748; x_wconf 87' lang='lat' dir='ltr'><em>toste</em></span> <span class='ocrx_word' id='word_1_122' title='bbox 266 2685 432 2750; x_wconf 86' lang='lat' dir='ltr'><em>Cicerone</em></span> <span class='ocrx_word' id='word_1_123' title='bbox 460 2685 511 2768; x_wconf 82' lang='lat'><em>(5)</em></span> <span class='ocrx_word' id='word_1_124' title='bbox 543 2690 774 2771; x_wconf 75' lang='lat' dir='ltr'><em>maximopere</em></span> <span class='ocrx_word' id='word_1_125' title='bbox 804 2685 978 2769; x_wconf 71' lang='lat' dir='ltr'><em>pandebat</em></span> <span class='ocrx_word' id='word_1_126' title='bbox 989 2710 1003 2760; x_wconf 88' lang='lat'><em>;</em></span> <span class='ocrx_word' id='word_1_127' title='bbox 1042 2691 1112 2752; x_wconf 88' lang='lat' dir='ltr'><em>tali</em></span> 
     </span>
    </p>

    <p class='ocr_par' dir='ltr' id='par_1_4' title="bbox 48 2797 1110 3001">
     <span class='ocr_line' id='line_1_21' title="bbox 48 2797 1110 2885; baseline 0.004 -24"><span class='ocrx_word' id='word_1_128' title='bbox 48 2807 54 2815; x_wconf 87' lang='lat'>&#39;</span> <span class='ocrx_word' id='word_1_129' title='bbox 129 2797 282 2877; x_wconf 77' lang='lat' dir='ltr'><em>fabulae</em></span> <span class='ocrx_word' id='word_1_130' title='bbox 311 2802 512 2883; x_wconf 83' lang='lat' dir='ltr'><em>peculiaris</em></span> <span class='ocrx_word' id='word_1_131' title='bbox 536 2805 714 2885; x_wconf 89' lang='lat' dir='ltr'><em>interpres</em></span> <span class='ocrx_word' id='word_1_132' title='bbox 738 2802 886 2864; x_wconf 90' lang='lat' dir='ltr'><em>nondam</em></span> <span class='ocrx_word' id='word_1_133' title='bbox 910 2799 1110 2884; x_wconf 73' lang='lat' dir='ltr'><em>obtiperut,</em></span> 
     </span>
     <span class='ocr_line' id='line_1_22' title="bbox 139 2915 1109 3001; baseline 0.002 -23"><span class='ocrx_word' id='word_1_134' title='bbox 139 2917 260 3000; x_wconf 77' lang='lat' dir='ltr'><em>quales</em></span> <span class='ocrx_word' id='word_1_135' title='bbox 285 2925 397 2980; x_wconf 88' lang='lat' dir='ltr'><em>tamen</em></span> <span class='ocrx_word' id='word_1_136' title='bbox 410 2915 712 3001; x_wconf 71' lang='lat' dir='ltr'><em>Amphitruonem,</em></span> <span class='ocrx_word' id='word_1_137' title='bbox 738 2917 990 2994; x_wconf 79' lang='lat' dir='ltr'><em>Aululariam,</em></span> <span class='ocrx_word' id='word_1_138' title='bbox 1019 2915 1109 3001; x_wconf 71' lang='lat' dir='ltr'><em>cop:</em></span> 
     </span>
    </p>
   </div>
   <div class='ocr_carea' id='block_1_3' title="bbox 132 3200 1226 3946">
    <p class='ocr_par' dir='ltr' id='par_1_5' title="bbox 132 3200 1226 3946">
     <span class='ocr_line' id='line_1_23' title="bbox 171 3200 776 3270; baseline 0.003 -20"><span class='ocrx_word' id='word_1_139' title='bbox 171 3200 211 3268; x_wconf 85' lang='lat'><em>(2)</em></span> <span class='ocrx_word' id='word_1_140' title='bbox 226 3203 300 3266; x_wconf 79' lang='lat' dir='ltr'><em>Quod</em></span> <span class='ocrx_word' id='word_1_141' title='bbox 317 3203 372 3270; x_wconf 76' lang='lat' dir='ltr'><em>ipsc</em></span> <span class='ocrx_word' id='word_1_142' title='bbox 388 3203 488 3252; x_wconf 77' lang='lat' dir='ltr'><em>monuit</em></span> <span class='ocrx_word' id='word_1_143' title='bbox 503 3203 534 3252; x_wconf 82' lang='lat' dir='ltr'><em>ad</em></span> <span class='ocrx_word' id='word_1_144' title='bbox 550 3203 627 3253; x_wconf 76' lang='lat' dir='ltr'><em>Mero.</em></span> <span class='ocrx_word' id='word_1_145' title='bbox 647 3202 671 3253; x_wconf 87' lang='lat'><em>1.</em></span> <span class='ocrx_word' id='word_1_146' title='bbox 692 3202 715 3252; x_wconf 94' lang='lat' dir='ltr'><em>l.</em></span> <span class='ocrx_word' id='word_1_147' title='bbox 737 3202 776 3252; x_wconf 87' lang='grc'><em>16.</em></span> 
     </span>
     <span class='ocr_line' id='line_1_24' title="bbox 171 3296 1109 3366; baseline -0.001 -19"><span class='ocrx_word' id='word_1_148' title='bbox 171 3296 211 3365; x_wconf 90' lang='grc'><em>(3)</em></span> <span class='ocrx_word' id='word_1_149' title='bbox 236 3301 275 3350; x_wconf 80' lang='lat' dir='ltr'><em>Cf.</em></span> <span class='ocrx_word' id='word_1_150' title='bbox 294 3300 398 3351; x_wconf 79' lang='lat' dir='ltr'><strong>Ruhnk.</strong></span> <span class='ocrx_word' id='word_1_151' title='bbox 416 3301 443 3349; x_wconf 91' lang='lat' dir='ltr'><em>in</em></span> <span class='ocrx_word' id='word_1_152' title='bbox 459 3300 539 3365; x_wconf 82' lang='lat' dir='ltr'><em>praei.</em></span> <span class='ocrx_word' id='word_1_153' title='bbox 558 3300 653 3366; x_wconf 76' lang='lat' dir='ltr'><em>Appui.</em></span> <span class='ocrx_word' id='word_1_154' title='bbox 673 3298 790 3349; x_wconf 79' lang='lat' dir='ltr'><em>audead.</em></span> <span class='ocrx_word' id='word_1_155' title='bbox 809 3314 836 3364; x_wconf 85' lang='lat' dir='ltr'><em>p.</em></span> <span class='ocrx_word' id='word_1_156' title='bbox 855 3297 885 3346; x_wconf 82' lang='grc'><em>11.</em></span> <span class='ocrx_word' id='word_1_157' title='bbox 905 3302 947 3356; x_wconf 77' lang='lat' dir='ltr'><em>ct,</em></span> <span class='ocrx_word' id='word_1_158' title='bbox 972 3312 1036 3360; x_wconf 85' lang='lat' dir='ltr'><em>quos</em></span> <span class='ocrx_word' id='word_1_159' title='bbox 1053 3296 1109 3346; x_wconf 81' lang='lat' dir='ltr'><em>iau·</em></span> 
     </span>
     <span class='ocr_line' id='line_1_25' title="bbox 137 3388 1108 3464; baseline 0.001 -22"><span class='ocrx_word' id='word_1_160' title='bbox 137 3394 182 3442; x_wconf 81' lang='lat' dir='ltr'><em>dai</em></span> <span class='ocrx_word' id='word_1_161' title='bbox 206 3395 358 3457; x_wconf 85' lang='lat' dir='ltr'><em>Fischerus,</em></span> <span class='ocrx_word' id='word_1_162' title='bbox 385 3394 423 3460; x_wconf 81' lang='lat' dir='ltr'><em>(in</em></span> <span class='ocrx_word' id='word_1_163' title='bbox 439 3397 522 3464; x_wconf 81' lang='lat' dir='ltr'><em>praef.</em></span> <span class='ocrx_word' id='word_1_164' title='bbox 541 3396 604 3448; x_wconf 78' lang='lat' dir='ltr'><em>edit.</em></span> <span class='ocrx_word' id='word_1_165' title='bbox 619 3388 738 3447; x_wconf 54' lang='lat' dir='ltr'><em>&#39;Platonis</em></span> <span class='ocrx_word' id='word_1_166' title='bbox 754 3393 876 3461; x_wconf 76' lang='lat' dir='ltr'><em>Eutyphr.</em></span> <span class='ocrx_word' id='word_1_167' title='bbox 896 3397 949 3444; x_wconf 79' lang='lat' dir='ltr'><em>cic.</em></span> <span class='ocrx_word' id='word_1_168' title='bbox 966 3392 1029 3443; x_wconf 84' lang='lat' dir='ltr'><em>edit.</em></span> <span class='ocrx_word' id='word_1_169' title='bbox 1049 3397 1108 3444; x_wconf 81' lang='lat' dir='ltr'><em>teri.</em></span> 
     </span>
     <span class='ocr_line' id='line_1_26' title="bbox 136 3489 1110 3559; baseline -0.002 -19"><span class='ocrx_word' id='word_1_170' title='bbox 136 3506 163 3556; x_wconf 86' lang='lat' dir='ltr'><em>p.</em></span> <span class='ocrx_word' id='word_1_171' title='bbox 189 3491 265 3558; x_wconf 84' lang='lat' dir='ltr'>VIII)</span> <span class='ocrx_word' id='word_1_172' title='bbox 290 3492 432 3544; x_wconf 79' lang='lat' dir='ltr'><em>liemsierh.</em></span> <span class='ocrx_word' id='word_1_173' title='bbox 457 3493 488 3542; x_wconf 83' lang='lat' dir='ltr'><em>sd</em></span> <span class='ocrx_word' id='word_1_174' title='bbox 513 3493 592 3544; x_wconf 79' lang='lat' dir='ltr'><em>Arist.</em></span> <span class='ocrx_word' id='word_1_175' title='bbox 618 3493 688 3544; x_wconf 76' lang='lat' dir='ltr'><em>elus.</em></span> <span class='ocrx_word' id='word_1_176' title='bbox 714 3493 794 3559; x_wconf 80' lang='lat' dir='ltr'><em>praef.</em></span> <span class='ocrx_word' id='word_1_177' title='bbox 814 3508 842 3556; x_wconf 89' lang='lat' dir='ltr'><em>p.</em></span> <span class='ocrx_word' id='word_1_178' title='bbox 860 3490 918 3539; x_wconf 80' lang='lat' dir='ltr'><em>xlv</em></span> <span class='ocrx_word' id='word_1_179' title='bbox 936 3495 963 3539; x_wconf 84' lang='lat' dir='ltr'><em>et</em></span> <span class='ocrx_word' id='word_1_180' title='bbox 979 3489 1061 3541; x_wconf 79' lang='lat' dir='ltr'><em>Piero.</em></span> <span class='ocrx_word' id='word_1_181' title='bbox 1079 3489 1110 3538; x_wconf 83' lang='lat' dir='ltr'><em>sd</em></span> 
     </span>
     <span class='ocr_line' id='line_1_27' title="bbox 134 3587 1104 3658; baseline 0.012 -22"><span class='ocrx_word' id='word_1_182' title='bbox 134 3587 211 3638; x_wconf 78' lang='lat' dir='ltr'><em>liner.</em></span> <span class='ocrx_word' id='word_1_183' title='bbox 231 3589 312 3640; x_wconf 77' lang='lat' dir='ltr'><em>Attio.</em></span> <span class='ocrx_word' id='word_1_184' title='bbox 330 3592 411 3655; x_wconf 81' lang='lat' dir='ltr'><em>praef.</em></span> <span class='ocrx_word' id='word_1_185' title='bbox 430 3608 457 3658; x_wconf 84' lang='lat' dir='ltr'><em>p.</em></span> <span class='ocrx_word' id='word_1_186' title='bbox 476 3591 530 3641; x_wconf 68' lang='lat' dir='ltr'><em>xi.</em></span> <span class='ocrx_word' id='word_1_187' title='bbox 676 3644 679 3649; x_wconf 79' lang='grc'>,</span> <span class='ocrx_word' id='word_1_188' title='bbox 1099 3624 1104 3640; x_wconf 69' lang='grc' dir='ltr'><em>ι</em></span> 
     </span>
     <span class='ocr_line' id='line_1_28' title="bbox 170 3681 1154 3754; baseline -0.001 -22"><span class='ocrx_word' id='word_1_189' title='bbox 170 3681 209 3751; x_wconf 84' lang='grc'><em>(4)</em></span> <span class='ocrx_word' id='word_1_190' title='bbox 237 3685 368 3751; x_wconf 85' lang='lat' dir='ltr'><em>Siquidem</em></span> <span class='ocrx_word' id='word_1_191' title='bbox 393 3693 463 3739; x_wconf 80' lang='lat' dir='ltr'><em>reete</em></span> <span class='ocrx_word' id='word_1_192' title='bbox 489 3687 604 3738; x_wconf 75' lang='lat' dir='ltr'><em>intellexi</em></span> <span class='ocrx_word' id='word_1_193' title='bbox 620 3689 677 3754; x_wconf 84' lang='lat' dir='ltr'><em>huj.</em></span> <span class='ocrx_word' id='word_1_194' title='bbox 698 3685 748 3737; x_wconf 82' lang='lat' dir='ltr'><em>sab.</em></span> <span class='ocrx_word' id='word_1_195' title='bbox 769 3684 790 3734; x_wconf 90' lang='lat'><em>1.</em></span> <span class='ocrx_word' id='word_1_196' title='bbox 810 3685 835 3734; x_wconf 80' lang='lat'><em>5.</em></span> <span class='ocrx_word' id='word_1_197' title='bbox 856 3684 904 3733; x_wconf 75' lang='lat'><em>155</em></span> <span class='ocrx_word' id='word_1_198' title='bbox 920 3700 976 3748; x_wconf 87' lang='lat' dir='ltr'><em>sqq.</em></span> <span class='ocrx_word' id='word_1_199' title='bbox 995 3682 1039 3732; x_wconf 86' lang='lat' dir='ltr'><em>uhi</em></span> <span class='ocrx_word' id='word_1_200' title='bbox 1056 3683 1107 3733; x_wconf 83' lang='lat' dir='ltr'><em>vid.</em></span> <span class='ocrx_word' id='word_1_201' title='bbox 1152 3742 1154 3747; x_wconf 26' lang='grc' dir='ltr'>Ι</span> 
     </span>
     <span class='ocr_line' id='line_1_29' title="bbox 132 3768 1226 3842; baseline 0.002 -13"><span class='ocrx_word' id='word_1_202' title='bbox 132 3795 199 3842; x_wconf 77' lang='lat' dir='ltr'><em>quoe</em></span> <span class='ocrx_word' id='word_1_203' title='bbox 216 3781 286 3831; x_wconf 80' lang='lat' dir='ltr'><em>dicta</em></span> <span class='ocrx_word' id='word_1_204' title='bbox 304 3788 374 3835; x_wconf 77' lang='lat' dir='ltr'><em>sunt.</em></span> <span class='ocrx_word' id='word_1_205' title='bbox 1219 3768 1226 3776; x_wconf 48' lang='lat'>¹</span> 
     </span>
     <span class='ocr_line' id='line_1_30' title="bbox 168 3874 1105 3946; baseline -0.001 -21"><span class='ocrx_word' id='word_1_206' title='bbox 168 3874 208 3941; x_wconf 83' lang='grc'><em>(5)</em></span> <span class='ocrx_word' id='word_1_207' title='bbox 230 3879 267 3927; x_wconf 84' lang='lat' dir='ltr'><em>De</em></span> <span class='ocrx_word' id='word_1_208' title='bbox 290 3881 390 3930; x_wconf 83' lang='lat' dir='ltr'><em>Senect.</em></span> <span class='ocrx_word' id='word_1_209' title='bbox 419 3882 450 3930; x_wconf 76' lang='lat'><em>14</em></span> <span class='ocrx_word' id='word_1_210' title='bbox 468 3884 530 3932; x_wconf 80' lang='lat' dir='ltr'><em>Gaio</em></span> <span class='ocrx_word' id='word_1_211' title='bbox 547 3883 625 3932; x_wconf 83' lang='lat' dir='ltr'><em>haec:</em></span> <span class='ocrx_word' id='word_1_212' title='bbox 653 3880 736 3945; x_wconf 84' lang='lat' dir='ltr'><em>Quam</em></span> <span class='ocrx_word' id='word_1_213' title='bbox 752 3877 887 3946; x_wconf 67' lang='lat' dir='ltr'><em>pandebat</em></span> <span class='ocrx_word' id='word_1_214' title='bbox 904 3875 969 3927; x_wconf 82' lang='lat' dir='ltr'><em>ieiio</em></span> <span class='ocrx_word' id='word_1_215' title='bbox 985 3891 1032 3926; x_wconf 87' lang='lat' dir='ltr'><em>suo</em></span> <span class='ocrx_word' id='word_1_216' title='bbox 1050 3875 1105 3924; x_wconf 84' lang='lat' dir='ltr'><em>Pu-</em></span> 
     </span>
    </p>
   </div>
   <div class='ocr_carea' id='block_1_4' title="bbox 131 3946 1044 4042">
    <p class='ocr_par' dir='ltr' id='par_1_6' title="bbox 131 3946 1044 4042">
     <span class='ocr_line' id='line_1_31' title="bbox 131 3946 1044 4042; baseline 0.002 -21"><span class='ocrx_word' id='word_1_217' title='bbox 131 3973 194 4022; x_wconf 79' lang='lat' dir='ltr'><em>aico</em></span> <span class='ocrx_word' id='word_1_218' title='bbox 212 3974 345 4035; x_wconf 55' lang='lat' dir='ltr'><em>Noctium</em></span> <span class='ocrx_word' id='word_1_219' title='bbox 370 3993 448 4042; x_wconf 86' lang='lat' dir='ltr'><em>quam</em></span> <span class='ocrx_word' id='word_1_220' title='bbox 470 3946 632 4035; x_wconf 67' lang='lat' dir='ltr'><em>Troadiento</em></span> <span class='ocrx_word' id='word_1_221' title='bbox 651 3977 783 4038; x_wconf 75' lang='lat' dir='ltr'><em>Plantas,</em></span> <span class='ocrx_word' id='word_1_222' title='bbox 811 3991 890 4040; x_wconf 84' lang='lat' dir='ltr'><em>quam</em></span> <span class='ocrx_word' id='word_1_223' title='bbox 908 3972 1044 4025; x_wconf 83' lang='lat' dir='ltr'><em>Pseudolo.</em></span> 
     </span>
    </p>
   </div>
   <div class='ocr_carea' id='block_1_5' title="bbox 0 0 1340 5146">
    <p class='ocr_par' dir='ltr' id='par_1_7' title="bbox 0 0 1340 5146">
     <span class='ocr_line' id='line_1_32' title="bbox 0 0 1340 5146; baseline 0 0"><span class='ocrx_word' id='word_1_224' title='bbox 0 0 1340 5146; x_wconf 95' lang='lat' dir='ltr'><em> </em></span> 
     </span>
    </p>
   </div>
  </div>
 </body>
</html>
