2670 5146
611 357 694 433 180

267 679 420 754 Actus
445 678 614 759 QUINTI
641 680 791 750 scuNA
816 683 1050 755 SECUNDA.

487 907 565 950 eluto
580 931 590 963 ,
620 906 833 952 PSEUDOLUS·

239 1085 320 1152 Vox
334 1085 403 1151 viri
412 1087 564 1171 pessumi
576 1104 628 1150 me
641 1087 756 1151 exciet
768 1086 872 1149 fores.
897 1084 965 1150 Sed
977 1086 1060 1173 quid
1072 1085 1147 1152 boel

594 1223 661 1288 quo
671 1198 767 1265 modo
779 1197 793 1265 l
806 1200 888 1289 quid
901 1212 937 1265 tn
952 1199 1050 1266 video
1063 1203 1147 1286 egoi

237 1339 289 1382 rs.
314 1316 399 1383 Cum
410 1338 530 1382 corona
542 1315 674 1381 ebrium
686 1314 890 1381 Pseudolum
902 1329 1008 1381 tuum.
1033 1319 1149 1383 enui-

376 1434 456 1499 bere
468 1430 582 1498 hercle
594 1431 656 1497 hoc
669 1433 805 1521 quidem
820 1455 828 1498 ε
843 1431 903 1497 sed
913 1432 993 1498 vide
1004 1445 1127 1499 statum
1140 1479 1149 1511 ,

214 1663 265 1723 Vs.
289 1663 316 1722 l.
347 1662 424 1741 quid
451 1671 485 1720 to
513 1662 603 1721 video
622 1662 698 1742 epol
735 1661 806 1723 Sola
827 1661 933 1742 steph.
955 1663 1033 1742 quid
1052 1673 1081 1721 te
1102 1684 1152 1744 epo

174 1769 290 1832 rideo?
326 1771 349 1830 i.
370 1790 398 1831 e.
428 1790 492 1850 quo
519 1769 649 1845 habitu,
682 1789 747 1851 quo
766 1778 880 1831 ornatu
901 1778 933 1830 te
953 1769 1045 1830 video
1066 1767 1149 1850 ego?

177 1878 262 1956 quod
281 1879 342 1939 nisi
355 1877 421 1939 bae
440 1887 569 1940 auctore
590 1878 738 1960 amplecti
765 1878 872 1953 licet,
897 1877 1154 1958 distinguendum

176 1984 329 2048 videtur?
351 1985 452 2067 prid?
473 1991 529 2046 to?
549 1987 640 2046 video
659 2007 790 2067 epam.
812 1986 980 2047 Pseudolus
999 1986 1154 2077 interpel-

175 2100 242 2158 lans
271 2095 341 2157 heri
371 2096 544 2158 orationem
572 2094 706 2175 supplet.
737 2094 841 2156 Lamb.
868 2094 986 2155 omittit
1007 2103 1062 2167 to,·
1093 2111 1156 2171 qua

175 2204 377 2276 auctoritato,
400 2223 464 2265 non
485 2202 635 2265 additum.

216 2313 266 2373 Vs.
289 2313 318 2373 2.
350 2333 419 2372 com
449 2332 562 2372 corona
589 2311 719 2373 ebriam.
763 2311 892 2372 Veteres
920 2310 1063 2373 solebant
1090 2332 1156 2374 non

176 2428 300 2480 tantum
320 2438 338 2479 e
358 2428 454 2499 potu,
496 2419 550 2480 sed
570 2419 666 2481 otiam
686 2438 704 2479 e
724 2419 803 2480 cibis
822 2419 943 2497 aliquid
962 2420 1079 2493 libare,
1123 2430 1156 2480 et

177 2527 349 2588 libamenta
379 2528 412 2586 in
432 2527 538 2588 iocum
558 2526 698 2598 deferre,
731 2547 762 2588 r.
784 2548 811 2588 o.
843 2527 877 2586 in
897 2528 1039 2608 patellis,
1072 2529 1157 2590 unde

174 2636 235 2697 Dii
249 2635 413 2719 patellarii
431 2635 583 2696 dicuntur
598 2634 689 2696 Lares
710 2644 743 2696 et
760 2636 889 2697 Penates
900 2637 973 2698 Cist.
984 2637 1020 2711 2,
1046 2638 1078 2710 1,
1103 2639 1155 2700 to.

174 2745 213 2803 In
241 2744 291 2804 his
318 2742 522 2804 libationibus
550 2752 657 2814 autern
685 2764 750 2805 mos
779 2753 864 2816 erat,
905 2764 1033 2808 coronas
1060 2748 1157 2828 capiti

174 2853 353 2934 imponere:
377 2850 463 2930 Virg.
485 2849 561 2912 lien.
584 2851 670 2913 VIII.
692 2853 770 2914 27t:

240 2960 363 3041 Oiopite
376 2961 496 3041 fronde
517 2982 630 3036 omnes,
654 2972 685 3021 et
700 2963 812 3046 poculo
827 2966 949 3046 porpite
969 2967 1098 3025 deutris.

173 3069 251 3130 Hine
280 3068 412 3130 fortasse
440 3067 575 3131 invaluit
603 3071 810 3146 cousuetudo,
854 3082 890 3134 ut
926 3073 1090 3154 epulantes
1121 3083 1155 3134 et

174 3187 318 3259 potantes
347 3197 380 3238 se
410 3179 533 3239 coronis
562 3179 756 3241 redimireut.
798 3182 862 3242 Nec
891 3181 967 3242 alias
986 3181 1153 3260 gestabant

179 3286 279 3360 ebrii,
309 3289 426 3365 ¹quam¹
442 3305 520 3365 quas
549 3297 736 3361 sumserunt,
777 3297 944 3366 antequam
981 3289 1156 3351 maderent.

177 3393 276 3473 llujus
294 3395 391 3456 moris
404 3396 523 3457 'crebra
542 3396 661 3456 mentio
680 3396 764 3478 apud
785 3396 940 3458 Comioosr
963 3396 997 3455 in
1016 3396 1155 3458 Platonis

174 3519 301 3580 quoque
331 3504 433 3584 Symp.
455 3505 505 3565 30.
544 3503 719 3566 Alcibiades
740 3504 960 3582 ἐστεφανωμένος
980 3506 1091 3567 intrat.
1112 3539 1155 3557 -ν

175 3608 280 3669 libere.
328 3611 472 3691 Vulgaris
504 3610 724 3694 interpretatio
752 3612 844 3672 nimis
872 3613 967 3694 longe
985 3613 1085 3693 petita
1104 3615 1155 3673 vi-

175 3717 279 3778 detur.
322 3719 432 3780 Libere
460 3730 506 3782 est
527 3723 681 3805 irtperrue,
710 3732 869 3805 proterve,
900 3723 1063 3794 audacter,
1092 3723 1154 3781 r'm-

174 3827 348 3910 pudentem
396 3838 427 3889 et
454 3831 628 3911 prolecto,
654 3849 869 3911 quaecumque
898 3831 1066 3892 Pseudolus
1094 3830 1156 3891 bac

175 3955 267 3999 scena
292 3917 431 4015 profert,
462 3938 592 4018 insignis
623 3929 696 4005 sunt
717 3938 929 4021 impudentiae
948 3948 982 3999 et
1003 3935 1168 4008 antiociae⁴
