2670 5146
625 313 681 389 50

235 589 290 633 cs.
313 561 429 628 Perii!
455 579 572 624 ennon
596 571 666 624 tum
677 556 738 624 lex
749 577 803 622 me
812 560 926 645 perdit
937 564 1041 649 quine
1052 569 1149 635 viee·

1025 684 1099 747 nari
1132 684 1148 749 i

171 801 227 864 70.
238 790 542 862 Metuunteredere
553 809 679 854 omnes.
704 810 759 855 rs.
772 789 897 855 Eadem
909 802 962 855 est
973 792 1059 858 mihi
1070 706 1147 877 lgr,

873 917 984 971 metuo
997 909 1149 978 credere.

238 1046 290 1091 rs.
315 1017 606 1088 Credereautemi
629 1017 716 1096 eho,
740 1039 782 1084 en
792 1021 942 1106 poenitet
954 1034 988 1086 te
1002 1067 1012 1101 ,
1028 1038 1152 1112 quanto

860 1132 917 1198 hie
929 1135 1035 1200 fuerit
1045 1142 1125 1205 usui
1137 1140 1152 1206 I

240 1275 297 1320 er.
321 1250 397 1318 Non
431 1261 485 1315 est
511 1249 590 1314 usui
613 1248 790 1336 quisquam
813 1261 961 1327 ametor,
997 1250 1068 1316 nisi
1089 1257 1152 1342 qui

863 1376 1040 1451 perpetuet
1051 1368 1128 1435 dote
1139 1417 1150 1450 ,

261 1531 303 1583 71.
326 1549 357 1597 p.
376 1538 395 1582 ι.
414 1545 503 1597 quem.
545 1529 587 1582 72.
614 1530 680 1580 osui
697 1547 721 1595 q.
740 1546 766 1581 a.

217 1714 267 1774 Vs.
289 1714 339 1774 69.
362 1713 410 1772 leo
431 1715 529 1794 quino
548 1713 715 1773 eicereorio
734 1721 781 1774 est
801 1712 854 1773 lex
874 1713 1032 1788 Laetoria,
1067 1718 1149 1795 sire,

177 1832 215 1884 ιιι
243 1822 337 1884 hodie
364 1822 432 1883 sere
452 1821 620 1896 scribitur,
651 1821 824 1893 Plaetoria,
856 1821 1009 1898 (incertae
1030 1827 1157 1909 aetatis)

181 1933 218 1992 de
245 1931 531 2014 circumscriptione
559 1929 813 2004 adolescentium,
847 1950 909 2009 qua
928 1940 1055 1994 cautum
1076 1936 1159 1998 exis-

179 2038 307 2114 timant,
348 2061 390 2100 ne
419 2040 522 2101 minor
551 2038 630 2099 XXV
650 2039 739 2100 annis
758 2038 922 2119 pecuniam
941 2048 1083 2104 mutuam
1102 2063 1155 2105 su·

179 2168 283 2224 mere,
331 2149 493 2229 stipulari,
535 2148 598 2208 imo
633 2147 779 2207 universe
808 2165 841 2206 se
869 2146 1009 2226 obligare
1035 2160 1157 2230 posset:

180 2266 266 2328 tum,
305 2262 342 2314 ut
380 2254 437 2333 qui
473 2253 568 2314 talem
596 2251 668 2312 dolo
697 2252 779 2312 malo
808 2252 997 2333 decepisset,
1032 2256 1158 2335 judicic

181 2362 310 2444 publico
340 2369 520 2434 teneretur,
563 2368 595 2421 ct
624 2359 787 2420 damnatus
814 2360 938 2423 infamis
966 2362 1157 2430 haberetur:

187 2471 235 2532 cff.
257 2470 358 2531 Plaut.
380 2469 460 2531 Rud.
483 2471 513 2531 5.
536 2469 565 2529 3.
588 2468 647 2545 243
679 2467 741 2530 Cic.
763 2468 802 2528 de
818 2470 872 2530 off.
894 2470 1096 2554 111.1rsq.;
1118 2476 1159 2538 de

184 2580 253 2640 Nat.
284 2578 375 2639 Deor.
406 2577 467 2638 III.
493 2577 564 2654 30.;
597 2577 696 2657 Capit.
718 2576 751 2635 in
771 2576 828 2637 vit.
851 2577 888 2638 II.
910 2577 1019 2639 Aurel.
1041 2579 1158 2647 Anton.

187 2709 214 2748 c.
238 2688 296 2763 lo,
318 2686 429 2766 fragm.
451 2686 513 2748 duo
533 2705 571 2745 cx
593 2688 677 2747 Suet.
699 2695 854 2749 servatae
870 2687 965 2749 Prisc.
984 2688 1053 2749 Lib.
1070 2690 1159 2756 VIII.

184 2816 216 2875 p.
248 2795 305 2875 743
335 2815 382 2875 sq.
410 2794 487 2855 edit.
517 2793 642 2855 Putsch.
693 2794 813 2875 Lipsius
832 2815 890 2876 pro
909 2797 1074 2860 ciconaria
1092 2821 1161 2864 ma·

187 2902 259 2962 vult
286 2902 489 2977 vicennariae,
521 2922 580 2983 pro
609 2923 672 2984 quo
702 2912 788 2964 certe
815 2905 932 2966 militat
952 2908 1159 2990 etymologia:

186 3008 242 3071 sed
268 3019 390 3072 veteres
419 3011 454 3070 in
482 3011 624 3071 omnibus
645 3011 814 3072 seeundum
834 3014 1052 3094 etymologiam
1071 3015 1162 3079 Iocu-

187 3129 235 3180 tos
256 3137 320 3180 esse
341 3130 374 3181 ct
394 3120 568 3201 scripsisse,
601 3139 664 3181 non
685 3120 839 3181 credibile
858 3130 916 3182 est.

229 3227 281 3288 Vs.
305 3228 354 3288 71.
385 3239 487 3288 eutem
508 3229 541 3288 in
561 3228 775 3308 responsione,
809 3249 889 3309 quae
910 3231 944 3291 fit
961 3231 1161 3312 interrogen-

188 3336 245 3410 do,
272 3334 382 3396 'habet
409 3337 474 3396 rim
502 3334 707 3416 indignondI:
748 3337 788 3399 cs.
817 3341 886 3400 Ter.
907 3338 1040 3419 Adelph.
1063 3341 1097 3412 5,
1123 3342 1159 3415 8,

191 3444 246 3517 lI,
273 3444 382 3524 ibique
401 3442 527 3506 Ruhnk.
549 3477 590 3490 -
610 3447 771 3527 poenitet:
789 3446 812 3508 i.
833 3465 861 3507 e.
881 3467 992 3527 parum
1010 3447 1159 3509 ridetur:

188 3550 252 3613 cic.
274 3551 314 3611 de
333 3552 388 3612 Off.
409 3551 435 3613 I.
460 3555 487 3615 1.
509 3555 547 3616 3:
571 3556 690 3617 tamdiu
709 3567 812 3616 eurem
831 3556 908 3616 celle
924 3555 1061 3630 debebis,
1086 3577 1164 3636 qoo-

188 3659 230 3720 ool
258 3669 301 3733 te,
334 3671 484 3740 quantum
508 3664 669 3746 proficias,
703 3685 765 3724 reor
782 3665 974 3746 poenitebit:
1004 3664 1044 3726 os.
1067 3663 1159 3727 Heus.

188 3789 215 3830 a.
237 3768 269 3829 h.
291 3767 313 3828 l.

230 3876 279 3938 Vs.
311 3877 359 3938 72.
390 3897 454 3937 nori
483 3890 528 3937 est
546 3884 620 3942 osui
639 3885 802 3962 quiequam
821 3893 949 3943 ametor.
990 3881 1042 3943 od.
1065 3879 1161 3945 Acar.
