2670 5146
624 354 706 429 loo

237 626 296 674 eu.
320 601 411 681 Quin
434 613 471 665 tu
496 595 802 686 quicquidopubt,
824 558 1178 687 audacterimpemss

793 732 844 775 Pe.
869 710 951 776 Tam
964 717 1077 800 gratia
1090 731 1156 783 est.

241 836 334 902 Bene
352 835 423 910 sit,
448 827 618 895 Charine:
644 824 721 890 nolo
739 824 977 892 tibimolestos
990 850 1156 896 essenos.

176 954 231 1016 25.
241 972 300 1016 cu.
324 946 397 1012 Vos
408 942 567 1009 molestos
580 939 686 1005 mihil
698 939 876 1007 molestum
888 954 941 1007 est
953 941 993 1006 id
1005 944 1157 1030 quidem.

700 1078 753 1122 rs.
776 1053 863 1121 'l'um
875 1069 912 1121 tu
925 1059 1157 1144 igiturmauo.

238 1199 294 1244 oa.
319 1174 411 1253 Quid
422 1178 512 1240 istuc
526 1172 601 1238 esti
623 1192 676 1237 rs.
689 1171 879 1259 Epistulam
891 1173 987 1237 modo
999 1172 1086 1239 bano
1099 1177 1155 1240 iu·

736 1289 863 1373 tereepi
876 1334 887 1368 ‚
902 1301 936 1353 et
949 1286 1153 1375 symbolum.

259 1440 303 1489 23.
322 1434 429 1502 opums,
448 1433 519 1482 moos·
534 1448 561 1483 o.
579 1433 600 1483 τ’.
620 1432 713 1481 absunt
730 1437 785 1480 lum
801 1433 893 1496 oralia
910 1439 959 1485 eal.

261 1532 305 1583 24.
324 1532 389 1581 boue
406 1531 445 1579 oie
464 1527 572 1578 Cariae.
607 1524 651 1579 25.
670 1526 763 1577 absunt
780 1528 811 1577 io
828 1531 856 1577 et
872 1518 913 1580 lu}
951 1518 954 1525 ¹

173 1685 231 1745 sim
260 1681 341 1764 apud
372 1681 516 1742 Plautum
545 1687 731 1752 recurrunt,
765 1679 810 1739 ita
831 1687 867 1739 ut
888 1680 969 1740 certi
990 1683 1071 1762 quid
1092 1693 1155 1746 sta·

174 1805 264 1853 tuere
292 1811 355 1852 non
383 1789 491 1860 detur,
525 1788 580 1846 sod
600 1795 710 1848 eontra
731 1787 871 1848 virorum
890 1788 1057 1853 doctorum
1075 1813 1151 1857 con.

169 1904 310 1982 jacturas
330 1898 472 1978 accipere
500 1895 676 1956 debeamus.
729 1896 896 1957 (lamerarii
917 1897 1080 1961 lectio-sio
1100 1921 1153 1962 ex-

175 2011 329 2092 plicatur:
374 2005 541 2068 Charinum
572 2013 730 2085 tamquam
759 2005 876 2065 bonum
905 2024 996 2066 omen
1018 2009 1153 2091 aoeipio,

177 2128 287 2200 utpote
306 2116 363 2197 qui
382 2133 494 2175 nomen
515 2113 611 2174 babet
632 2132 650 2175 a
670 2113 768 2176 verbo
789 2119 885 2190 χαίρω.
927 2114 1076 2177 Gronovii
1091 2118 1177 2180 lee-¹

178 2228 241 2288 tio:
272 2228 373 2306 eoqe!
401 2227 467 2304 jam
499 2227 597 2295 Χαρίνω
626 2223 706 2296 χάριν
733 2229 820 2293 ποιῶ,
848 2220 1012 2281 admodum
1032 2223 1153 2303 placet,

179 2334 326 2416 quoniam
346 2350 440 2411 opera
468 2328 593 2391 Charini
622 2348 708 2389 nuno
736 2346 801 2389 non
829 2329 961 2409 amplius
990 2348 1069 2411 opus
1089 2341 1157 2394 erat

177 2439 337 2503 Pseudolo.
379 2437 469 2497 Both.
495 2437 589 2496 metri
617 2456 709 2497 causa
728 2441 809 2513 χάριν
829 2433 1009 2516 (gaudium,
1042 2440 1155 2522 volup.

180 2536 291 2629 talem)
319 2565 376 2626 pro
397 2549 511 2620 Χαρῖνον.

222 2658 272 2717 Vs.
294 2657 343 2717 23.
365 2664 428 2714 tom
448 2654 552 2734 qratia
573 2663 639 2712 est:
669 2652 724 2713 alii
737 2656 810 2734 jam
829 2657 984 2733 qratiam
1013 2655 1069 2717 sod
1086 2648 1157 2719 euni

182 2769 275 2827 Goon.
305 2763 387 2822 hane
407 2761 576 2821 lectionem
596 2759 689 2820 unice
710 2780 815 2821 voram
835 2781 900 2823 esse
920 2771 1011 2843 puto,
1043 2765 1159 2845 quoni·

181 2894 230 2936 am
249 2882 296 2932 est
313 2869 447 2932 formula
463 2868 577 2930 blande
594 2867 952 2946 aliquidreeusantium,
975 2870 1088 2933 Plauto
1103 2872 1159 2933 ad-

181 2981 306 3045 modum
331 2979 455 3039 usitata.
504 2977 589 3038 Alibi
615 2979 709 3038 etiam
735 2981 802 3058 jam
827 2998 885 3058 pro
905 2987 968 3039 tuan
987 2978 1110 3058 legitur
1125 2981 1162 3041 io

183 3089 290 3166 eadem
315 3086 493 3148 locutione:
532 3085 573 3147 cf.
604 3085 694 3147 Both.
726 3085 765 3147 ad
786 3086 974 3148 blenaeobm.
996 3087 1069 3162 296,
1104 3088 1163 3166 qui

183 3209 245 3258 tam
272 3216 330 3279 pro
357 3203 461 3254 taenea
489 3194 624 3274 positum
652 3194 798 3270 affirmat,
839 3213 901 3273 qua
929 3195 1163 3275 significatione

104 3288 107 3295 ¹
182 3307 257 3368 olim
276 3312 460 3386 usurpatum
479 3302 575 3363 fuisse
596 3303 704 3364 Festus
724 3305 826 3366 docet.
869 3304 944 3363 llihi
964 3312 1069 3365 tamen
1089 3296 1162 3366 for·¹

184 3414 269 3476 mula
296 3415 341 3474 sie
369 3412 496 3472 videtur
525 3411 726 3492 supplenda:
757 3422 820 3473 lam
847 3412 950 3492 gratia
969 3422 1031 3486 est,
1062 3430 1162 3491 quam

184 3524 209 3582 si
237 3542 331 3603 opera
359 3529 413 3583 tua
432 3540 505 3580 usus
523 3540 637 3582 essem:
669 3522 708 3583 cl.
729 3521 874 3582 Gulielm.
895 3525 1019 3599 Quaest.
1038 3521 1074 3580 in
1091 3519 1161 3582 Ms-

183 3632 323 3691 naechm.
351 3650 377 3691 o.
396 3630 426 3690 2.
469 3632 601 3692 Gronov.
619 3630 652 3691 L.
671 3632 704 3693 P.
723 3651 754 3713 p.
774 3631 849 3706 3142,
870 3631 903 3692 h.
925 3631 948 3692 l.
966 3628 1064 3690 vertit
1080 3649 1161 3691 eon·

184 3739 272 3801 eodo:
298 3737 400 3799 minus
418 3749 520 3814 reete,
552 3749 590 3801 ut
608 3740 743 3800 videtur.
1097 3750 1101 3755 '

224 3847 275 3909 Vs.
295 3847 345 3908 zo.
376 3847 452 3906 beno
482 3850 543 3909 sit:
582 3869 653 3910 oum
682 3848 793 3912 Bothio
822 3849 928 3910 malim
957 3849 1065 3928 legere
1090 3848 1157 3928 fit:

184 3957 244 4019 boe
263 3954 349 4037 quod
365 3955 484 4035 agimus
501 3965 533 4017 et
541 3950 745 4032 meditamur,
768 3956 910 4047 benebt,
933 3955 977 4029 it,
1000 3953 1158 4016 sueoodit.
