2670 5146
718 332 745 407 6

301 569 395 639 Leno
418 565 618 651 mulierem,
643 592 741 657 quem
764 574 796 637 in
819 578 1018 662 supposuit,
1043 585 1195 653 tradidit.

302 683 403 752 Venit
423 684 567 773 Harpax
588 708 713 754 varus:
743 708 798 753 ror
820 686 930 774 palam
952 701 1188 782 cognoscitur:

299 797 481 890 Senexqua
492 814 690 889 argentum,
713 801 800 890 quod
813 815 884 869 erat
895 820 1012 892 paetus
1026 855 1036 889 ,
1050 811 1211 882 reddidit.

563 1027 893 1039 ——n-a--u--n--n-v-

396 1196 575 1288 ALIUD
618 1192 1047 1294 ARGUdOENTUM.

299 1415 502 1524 Calidorus
524 1460 678 1519 scortum
691 1457 843 1538 juvente
863 1454 1091 1524 Phoenicium

299 1568 466 1634 Etfliotim
489 1567 664 1656 deperibat
685 1589 892 1635 nummorum
914 1570 1066 1658 indigus.

236 1833 269 1885 to
297 1831 441 1894 auctore,
474 1821 568 1882 sicuti
597 1823 741 1883 derainer
769 1842 827 1903 pro
856 1824 976 1882 domiui
996 1823 1083 1903 stlio,
1119 1828 1206 1907 capt.

237 1930 319 1994 Prol.
344 1930 392 1992 18.
437 1928 555 1991 Tutulit
573 1950 631 2010 pro
651 1929 726 1990 tulit
745 1939 856 1993 eontra
875 1930 943 2006 Mea.
965 1940 998 1993 at
1017 1941 1096 1994 vett.
1119 1933 1211 1995 editt.

236 2039 401 2101 inductum
429 2057 495 2100 esso
522 2047 614 2119 putat
634 2037 764 2100 Bothiuo
784 2039 924 2113 abillis,
956 2040 1012 2122 qui
1032 2020 1209 2116 nescirent,

234 2151 282 2211 itu
307 2147 429 2230 saepius
457 2145 569 2208 ultima
595 2146 749 2226 producta
775 2148 895 2211 venire.
947 2150 1046 2225 Quam
1072 2150 1113 2209 ob
1141 2169 1208 2210 rem

238 2259 292 2322 alii
312 2256 498 2319 ediderunt:
534 2255 687 2339 Opemque
705 2256 994 2317 unanimitatem
1012 2267 1073 2321 eto.
1278 2244 1281 2251 μ

275 2479 417 2541 Alterum
447 2477 507 2538 hoo
534 2486 753 2556 argumentum
780 2435 893 2558 Majuo,
926 2479 982 2559 qui
1002 2480 1121 2559 primus
1142 2479 1210 2540 edi·

235 2588 301 2664 dit,
331 2596 423 2670 putat
450 2604 518 2647 ossa
537 2585 716 2648 confectum
735 2605 754 2648 a
773 2586 908 2667 quodam
927 2587 1031 2649 Plauti
1050 2588 1209 2670 interpre-

237 2708 320 2772 tum,
361 2716 380 2758 a
408 2695 511 2758 Gellio
537 2695 573 2756 N.
605 2693 640 2755 Α.
671 2693 730 2756 ΙΙΙ.
758 2695 1047 2758 ememoratorum.
1089 2697 1207 2778 Repar-

235 2816 303 2868 tum
331 2815 379 2867 ost
407 2804 490 2864 illud
509 2822 636 2884 quoque
656 2804 691 2863 in
709 2803 778 2866 uod.
809 2802 1030 2879 Ambrosianu,¹
1060 2806 1209 2867 vetustis-

234 2895 312 2977 simo
338 2922 434 2993 atqua
461 2912 742 2994 praestantissimo,
774 2910 947 2972 minoribus
973 2921 1076 2973 tamen
1101 2910 1208 2973 rudio-

234 3021 385 3103 ribusquu
403 3019 506 3081 lituris
525 3019 688 3102 seriptum.
731 3021 847 3094 Osann,
871 3019 959 3082 Anal.
983 3021 1059 3083 Grit.
1080 3021 1207 3102 p.·217‚

234 3130 361 3205 asserit,
402 3139 469 3191 tum
498 3129 673 3203 scribendi,
714 3141 781 3193 tum
807 3146 1008 3191 numerorum
1036 3149 1134 3210 genus
1162 3149 1212 3189 aa·

146 3283 147 3287 ,
236 3240 276 3301 tie
306 3238 463 3314 indicare,
496 3258 562 3300 ease
591 3239 774 3320 antiquum:
817 3239 901 3320 quod
930 3239 989 3299 vir.
1019 3239 1060 3299 ol.
1090 3236 1211 3296 dictum

234 3348 268 3408 in
297 3348 413 3429 paucis
449 3347 591 3408 versibus
619 3367 682 3409 non
712 3347 788 3409 adeo
817 3347 923 3410 valere
952 3346 1099 3410 arbitror.
1151 3345 1212 3421 Qui

234 3455 319 3518 anim
347 3455 451 3518 Plauti
475 3474 595 3518 morem
623 3465 748 3532 tenent,
788 3456 882 3519 sanilo
908 3449 1056 3516 sermonis
1085 3451 1135 3511 illi
1155 3472 1211 3532 pe-

234 3564 363 3626 culiaris
381 3563 549 3646 imaginum
567 3566 763 3647 exprimunt,
786 3564 955 3648 praecipuo
973 3559 1211 3622 inconfioiendo

234 3682 435 3754 argumento,
459 3672 498 3734 ad
517 3672 603 3755 quod
622 3673 717 3735 verba
737 3694 775 3735 ox
797 3675 863 3755 ipsa
882 3669 989 3734 sabula
1008 3669 1073 3751 peti
1093 3666 1206 3729 solunt.

273 3835 323 3899 Vs.
348 3841 374 3898 l.
405 3839 503 3902 Siouti
533 3839 633 3919 idajae.
653 3841 738 3903 huno
760 3858 884 3902 varrum
900 3836 1042 3910 restruit,
1074 3843 1211 3896 matrum

228 3940 297 4011 ¹utto
315 3956 446 4011 oonotet.
488 3948 665 4028 Lugendum
682 3958 776 4029 puto:
