2670 5146
628 404 702 480 112

252 652 325 722 Nnc
338 653 393 719 illi
407 697 417 731 ‚
432 664 590 739 quantum
603 672 665 736 ogo
677 671 765 716 nunc
779 649 878 715 corde
892 653 1068 738 conspicio
1079 673 1170 736 meo,

248 769 374 837 Malam
385 788 454 834 rom
465 763 822 853 maguum‚multauque
834 787 1011 834 acrnmnau
1027 770 1170 838 danunt.

207 895 239 955 5.
253 885 359 954 Volat
371 885 452 949 haec
463 882 550 947 mihi
561 882 676 946 evenit
688 882 850 958 servitus,
866 881 925 947 ubi
937 906 999 970 ogo
1011 887 1170 953 omnihus

247 1003 367 1067 Parcis
390 998 590 1085 magnisque
612 997 766 1062 miseriis
790 996 1011 1083 praefulcior.

185 1311 274 1351 suum
300 1288 419 1369 optimc
443 1294 568 1357 tuctur,
599 1295 694 1364 atquo
719 1285 836 1345 frustra
863 1284 1064 1349 sollicitatur.
1109 1289 1164 1350 Pa·

183 1401 211 1459 ri
229 1398 320 1459 modo
342 1396 425 1456 onim
442 1394 562 1471 legitur
580 1394 672 1453 Pocn,
697 1393 730 1466 l,
763 1394 797 1466 l,
827 1395 883 1454 67:

321 1504 409 1564 Hunc
421 1502 657 1583 perdoceamus,
688 1511 724 1559 ut
733 1502 824 1580 forat
833 1502 1008 1580 fallacium.

77 1638 80 1643 Δ
182 1615 240 1673 Ubi
276 1610 420 1673 nonnulli
453 1627 580 1689 quoquc
612 1607 734 1668 malunt
765 1620 868 1683 aerot5
909 1612 980 1671 Ter.
1016 1612 1096 1674 And.
1123 1615 1156 1686 2,

184 1725 219 1795 6,
253 1725 266 1782 l
287 1719 452 1801 fallaciam
471 1717 567 1777 alicui
580 1726 728 1799 porturc3
761 1718 859 1795 cjusd.
879 1718 942 1780 lab.
967 1721 1004 1795 3,
1038 1723 1073 1794 l,
1104 1713 1157 1795 13,

172 1831 308 1913 fallacia
330 1829 409 1887 milo
426 1825 579 1908 offertum
607 1826 669 1886 Cic.
689 1825 764 1906 Epp.
782 1826 820 1886 ad
839 1827 903 1888 htt.
921 1828 991 1889 vll.
1012 1831 1053 1890 26
1062 1833 1155 1911 frou·

183 1943 251 2000 dem
262 1941 363 2019 serre.
406 1935 518 2012 Itaquo
535 1954 598 1996 non
616 1953 693 2014 opus
713 1941 776 2006 cst,
810 1952 881 1994 cum
898 1935 975 1996 viris
993 1936 1096 2000 doctis
1109 1939 1155 1998 in·

183 2047 350 2130 terpretari
369 2047 526 2129 proferre,
547 2043 644 2127 ‚quod
668 2052 715 2102 cst
734 2044 798 2103 Cas.
827 2044 861 2116 3,
886 2046 921 2118 5,
948 2046 1005 2106 ll:

224 2160 322 2231 Horo,
346 2167 436 2235 atquo
450 2155 524 2215 hoec
540 2153 642 2211 dolum
658 2172 696 2211 ea
701 2172 850 2234 proxumo
859 2152 941 2213 hunc
946 2155 1158 2236 protulerunt.

222 2269 272 2327 Vs.
295 2267 324 2325 3.
347 2265 435 2324 cordo
454 2263 610 2345 conspicio
625 2281 699 2320 mco.
732 2261 818 2320 Nihil
834 2263 1019 2323 mutandum
1035 2284 1161 2327 censeo.

184 2376 312 2456 Saepius
336 2374 380 2433 sic
399 2371 494 2432 verba
512 2389 656 2431 sensuum
674 2368 713 2430 ad
731 2370 866 2430 animum
886 2372 1065 2444 transferri,
1095 2393 1166 2435 nom

174 2495 227 2546 ¹cst
264 2481 349 2563 quod
385 2499 536 2540 moneam.
599 2478 695 2539 Corde
728 2478 870 2539 additum
896 2480 1085 2560 prudenter,
1122 2492 1163 2544 ut

136 2670 140 2679 ι
178 2592 361 2674 metaphora
393 2588 569 2649 indicetur:
608 2587 694 2648 llost.
728 2588 766 2660 3,
806 2589 840 2662 2,
876 2590 930 2651 13:
971 2611 1030 2670 quo
1056 2595 1164 2674 mopit

181 2704 278 2783 copito
305 2721 357 2780 epo
382 2719 451 2758 cam
469 2718 534 2756 mco
552 2698 669 2770 animo,
702 2697 758 2756 ubi
773 2716 814 2758 no
830 2699 1010 2778 metaphora
1026 2701 1157 2778 quidem

180 2810 283 2880 adest,
312 2819 345 2868 et
363 2805 445 2886 apud
463 2806 526 2866 Cic.
545 2805 585 2864 dc
603 2806 725 2866 Senect.
754 2808 782 2866 5.
809 2807 1010 2889 contemplari
1026 2811 1156 2887 unimop

177 2917 216 2977 ad
241 2917 309 2977 Diu.
336 2915 389 2975 vl.
415 2915 444 2976 3.
471 2914 588 2973 anitum
613 2915 702 2973 video
729 2916 853 2975 animo:
890 2916 931 2976 cs.
956 2918 1085 2979 thrcnu.
1112 2919 1153 2980 ad

57 3034 59 3039 ’
177 3028 241 3089 Ciu.
259 3027 299 3086 de
317 3026 383 3086 Fin.
403 3024 446 3084 ΙΙ.
469 3024 516 3085 15.

219 3137 269 3197 Vs.
290 3138 318 3196 6.
340 3134 478 3195 roioeriio
492 3132 706 3215 praestolator:
731 3135 825 3195 multi
842 3110 913 3196 cum
931 3136 1018 3198 aeid.
1039 3139 1155 3199 minio·

178 3249 269 3306 teriia
283 3243 488 3328 praefulcior,
518 3243 748 3304 reluctantibus
766 3245 907 3320 quamvis
926 3244 993 3306 llas.
1010 3254 1043 3305 ct
1059 3246 1155 3309 cditt.

177 3357 274 3418 Recte
299 3354 428 3414 Bathins
453 3361 562 3412 tuctur
585 3351 758 3430 vulgatam,
791 3372 919 3414 monens
936 3354 1076 3415 columen
1092 3359 1154 3436 so·

175 3464 283 3523 miliae
309 3462 429 3523 dictum
454 3461 549 3522 fuisso
565 3478 703 3536 servum,
731 3464 800 3523 Ter.
821 3463 943 3524 Phorm.
971 3464 1007 3536 2,
1040 3465 1075 3538 1,
1098 3466 1152 3528 57.

178 3569 239 3630 Sed
264 3569 325 3631 hoc
352 3569 488 3633 ironica:
527 3571 608 3632 citra
629 3575 737 3653 jocum
764 3572 898 3632 alterum
926 3573 1034 3634 Getam
1052 3571 1153 3632 solum

176 3698 295 3737 omnem
311 3680 471 3758 familiam
495 3692 670 3742 sustentare
697 3680 775 3740 dicit
799 3680 932 3760 Adelph.
962 3681 999 3755 3,
1031 3680 1067 3754 l,
1098 3680 1151 3742 35.

177 3787 323 3861 Accedit,
363 3789 447 3866 quod
479 3791 689 3852 ministeriam
713 3807 866 3868 nusquam
891 3790 974 3871 apud
1005 3790 1152 3852 Plautum

175 3896 308 3976 legitur,
347 3905 381 3956 et
406 3899 543 3960 calcariis
569 3911 655 3963 recto
674 3898 827 3980 explicari
842 3908 957 3980 potest.
999 3898 1151 3978 Praefod-

176 4006 239 4069 ciri
255 4006 339 4068 onim
362 4005 497 4082 dicitur,
520 4009 672 4088 quicquid
689 4009 833 4071 columen
856 4029 893 4070 ac
915 4008 1052 4070 fulcrum
1072 4008 1151 4071 uub-
