2670 5146
616 342 667 417 18

250 608 302 656 as.
327 585 414 663 Quis
426 582 513 650 mibi
525 581 632 667 igitur
645 574 832 648 drachman
845 578 1026 666 reticeas
1038 590 1140 659 flede-

800 775 804 781 ,
968 704 1034 768 rim
1047 705 1141 772 tibil

61 802 64 807 ’
188 814 309 888 90.Αιι
332 828 369 881 tu
391 826 425 880 te
447 834 487 878 ea
509 833 629 877 caussa
651 813 705 878 vis
730 815 844 880 scions
868 818 1100 903 suspendere,

250 931 298 1000 Ut
320 951 374 996 me
395 924 573 992 defraudes
598 924 776 1008 drachma,
800 929 833 993 si
855 927 1004 996 dederim
1026 933 1119 1000 thil

251 1067 307 1128 oa.
331 1042 487 1111 Profecto
510 1039 604 1106 nullo
626 1053 722 1128 pacto
743 1064 881 1129 possum
903 1047 1044 1127 vivere,

253 1159 293 1229 si
314 1158 377 1225 illc
399 1178 419 1222 a
438 1168 492 1223 me
514 1154 724 1222 abalienatur
745 1169 847 1245 atque·
868 1157 1058 1228 abducitur.

253 1293 304 1343 rs.
330 1271 495 1350 Quidfles
510 1318 524 1352 ,ἢ
545 1270 689 1337 cuculel
711 1274 821 1338 vives.
843 1292 899 1340 cs.
924 1273 1016 1351 Quid
1028 1301 1090 1367 ego
1107 1283 1145 1346 ni

1018 1392 1142 1463 namt

190 1505 322 1576 etcui
343 1524 405 1569 nec
426 1513 562 1589 paratus
585 1521 737 1566 nummus
760 1506 892 1590 argenti
916 1505 1009 1586 siet,
1069 1477 1071 1492 Ι

252 1614 375 1708 Neque·
396 1620 453 1684 cui
477 1614 616 1682 libellae
642 1637 719 1704 spes
744 1616 793 1681 sit
814 1637 957 1704 usquam
980 1608 1143 1707 gentium.

256 1757 307 1801 rs.
331 1732 379 1800 Ut
402 1731 576 1798 literarum
599 1752 660 1819 ego
683 1730 800 1796 harum
822 1752 1006 1798 sermonem
1025 1736 1145 1819 audio,

256 1847 339 1918 Nisi
362 1863 399 1915 tu
421 1844 479 1912 illi
502 1845 671 1913 dracl'r'rtds
693 1835 831 1912 fleveris
855 1852 1050 1936 argenteis,

258 1950 357 2044 Quod
379 1978 416 2030 tu
439 1959 519 2029 istis
543 1961 703 2030 lacrumis
726 1968 759 2028 te
780 1961 920 2050 probare
940 1963 1117 2052 postulas,

174 2072 249 2151 100.
258 2062 336 2150 No'n
349 2077 459 2167 pluris
472 2079 577 2145 refert
590 2125 600 2158 ,
626 2099 723 2167 quam
745 2080 778 2144 si
799 2078 939 2146 imbrem
950 2082 986 2145 in
999 2081 1147 2148 cribrum

1032 2215 1143 2284 geras.

256 2309 384 2378 Verum
397 2312 702 2397 egotemnmrtm,
726 2313 768 2373 ne
778 2314 889 2394 poss,
906 2312 972 2376 non
981 2294 1145 2380 deseram.

258 2484 301 2534 96.
326 2495 411 2548 neque
429 2480 524 2532 tunore
540 2494 600 2546 spes
615 2481 661 2531 cit.

214 2631 263 2693 Vs'.
287 2632 337 2692 96.
369 2631 472 2691 libello
492 2631 514 2691 i.
536 2651 568 2710 q.
592 2629 795 2706 librantes,
827 2640 907 2692 testo
926 2633 1043 2711 Plinio,
1067 2637 1144 2699 Hist.

142 2722 144 2725 Ι
173 2743 244 2803 Nat.
274 2738 419 2814 XXXIII,
454 2740 501 2800 13.
551 2737 734 2820 Antiquitus
761 2739 856 2802 etiam
881 2739 926 2802 sic
954 2742 1150 2822 interpreta-¹

173 2848 290 2910 bantur
309 2848 414 2909 locum
436 2848 497 2910 Cio.
520 2847 558 2908 ati
578 2847 649 2908 1111.-
668 2848 747 2924 vll,
767 2849 801 2908 2:
816 2849 900 2929 secet
912 2848 1018 2931 polam
1037 2848 1146 2928 telba-

174 2955 292 3039 redem)
319 2977 358 3018 eu
386 2956 509 3032 libello,
534 2976 581 3015 me
610 2976 648 3017 es
676 2957 831 3017 tornutio:
866 2957 952 3039 qnod'
965 2957 1032 3038 jum
1050 2976 1147 3039 repu-

175 3065 295 3128 diatum
320 3073 368 3127 est
387 3085 406 3127 u
426 3066 519 3127 Gron.
542 3065 582 3124 do
602 3065 672 3145 Poe.
695 3065 763 3126 Vct.
785 3086 815 3146 p.
839 3068 894 3141 55,
927 3075 959 3126 et
979 3067 1038 3127 210
1058 3087 1145 3149 sqq.,

175 3193 269 3253 quem
289 3183 322 3235 et
341 3173 381 3235 de
401 3173 505 3235 libella
523 3172 668 3235 universe
683 3172 764 3234 vide.
807 3175 861 3237 iiio
880 3184 1000 3251 tamen,
1026 3184 1065 3237 ut
1080 3197 1147 3238 sae-

175 3282 246 3364 pius
272 3283 311 3343 de
337 3284 448 3364 quovis
465 3283 595 3344 minimo
611 3302 736 3344 nummo
754 3283 882 3346 dicitur.
900 3319 940 3331 -

216 3391 267 3454 Vsa
288 3392 338 3454 99.
360 3402 388 3451 te
404 3392 536 3474 probare
553 3392 701 3475 postules.
743 3393 787 3455 De
807 3415 865 3454 usu
885 3405 918 3456 et
936 3395 1057 3473 syntaxi
1076 3414 1147 3455 ver-

176 3501 210 3559 bi
233 3499 392 3583 postulare
419 3500 502 3582 apud
523 3501 659 3562 comicos
678 3501 750 3563 vide
770 3502 895 3564 Ruhnk.
916 3502 957 3564 ad
975 3504 1049 3564 Itut.
1071 3503 1147 3584 Lup.

178 3630 209 3690 p.
223 3610 295 3682 131,
319 3609 403 3671 etl.
426 3611 458 3670 F.
481 3611 574 3672 Gron.
597 3599 734 3672 ad'Gell.
756 3612 792 3671 N.
813 3611 849 3672 Α.
870 3610 918 3670 lV.
943 3612 969 3671 l.
992 3610 1058 3671 soro
1067 3611 1147 3671 med.

175 3719 214 3778 In
247 3717 393 3778 lacrumis
422 3728 455 3780 et
482 3719 636 3780 drachmis
662 3719 905 3801 paronomasiam
931 3719 1010 3779 mihi
1038 3720 1151 3800 deprc-

173 3825 313 3887 hendcrc
333 3826 457 3902 videor,
487 3828 632 3908 qualibus
653 3838 815 3908 tantopere
835 3826 989 3888 studuisse
1009 3828 1152 3890 Plautum

175 3934 325 3996 videmus.
466 3934 467 3940 '
