2670 5146
622 345 698 423 to

245 587 353 664 Quem
375 586 490 652 subito
511 599 648 674 argento
669 586 758 653 mihi
779 608 862 654 nsns
885 590 1023 662 invente
1044 601 1124 667 siet.

243 724 295 769 rs.
317 703 413 767 Leno
433 721 487 766 me
508 721 649 788 peregre
670 699 778 766 militi
799 690 1021 775 Macedonico

184 815 355 886 sentinis
377 816 505 902 viginti
525 814 705 893 vendidit,
727 814 882 904 voluptas
903 814 999 890 mee:

245 931 291 1000 Et
311 932 509 1019 prinsquam
531 929 611 996 hine
633 928 745 1011 abiit,
768 933 962 1020 quindecim
970 936 1072 1006 miles
1093 945 1160 1008 mi·

1094 1076 1155 1122 nes

243 1162 417 1238 Dederat,
442 1179 530 1224 nune
554 1180 642 1236 unae
653 1161 802 1248 quinque
815 1179 1023 1235 remorentur
1033 1171 1156 1239 minae.

240 1277 290 1344 Ea
312 1296 414 1341 oense
434 1272 534 1338 miles
557 1273 615 1340 hie
637 1273 780 1362 reliquit
802 1277 1012 1362 symbolum,

240 1393 449 1478 Expressam
477 1391 514 1455 in
536 1411 614 1455 tero
635 1412 682 1456 ex
703 1389 804 1457 anulo
828 1415 923 1460 suam
944 1397 1151 1485 imaginem,

179 1512 232 1576 ⁵5.
244 1507 293 1574 Ut
316 1507 375 1595 qui
397 1505 462 1570 huo
483 1505 620 1571 efferret
641 1511 717 1593 ejus
741 1507 890 1575 similem
913 1513 1124 1598 symbolum,

235 1620 321 1690 Cum
343 1643 383 1687 eo
404 1618 510 1686 simul
529 1641 583 1685 me
603 1623 767 1687 mitteret.
816 1623 862 1690 Ei
883 1627 936 1691 rei
958 1626 1033 1694 dies

239 1739 335 1805 Haeo
355 1739 559 1825 praestituta
580 1749 656 1816 est,
680 1758 845 1824 proxume
865 1737 1048 1828 Dionysia.

175 1974 257 2038 Ptol.
284 1975 397 2056 Amph.
425 1974 482 2037 ild
502 1971 543 2036 de
562 1973 778 2037 interserenda
796 1974 892 2038 litere
910 1977 933 2036 d
950 1976 991 2039 ed
1010 1977 1152 2043 vitandas

175 2085 298 2146 rooaler
318 2084 516 2146 collidentes.
568 2093 570 2097 ’

215 2193 267 2256 Vs.
295 2193 345 2255 ld.
372 2213 503 2276 perepre
535 2224 577 2238 -—
606 2192 749 2253 vendidit
778 2190 943 2272 jungenda
967 2202 1059 2272 sunt3
1090 2193 1151 2256 hoe

175 2302 259 2371 enim
286 2301 384 2362 dicit:
415 2301 559 2361 vendidit
574 2320 640 2375 me,
671 2310 708 2361 ut
723 2300 758 2360 in
773 2300 934 2381 regionem
951 2301 1152 2382 peregrinam·

176 2410 324 2473 abducar.
366 2410 502 2491 Perepre
528 2419 561 2470 et
581 2410 707 2494 perepri
734 2428 798 2471 nen
813 2408 963 2469 videntur
978 2410 1153 2490 promiscue

176 2518 372 2600 usurpanda:
409 2539 482 2581 nam
507 2539 637 2601 perepre
669 2516 752 2598 apud
780 2517 926 2578 Plautum
954 2536 1075 2598 semper
1101 2526 1151 2578 est

179 2646 302 2701 accus,
343 2636 380 2688 ut
397 2627 508 2708 regula
525 2627 630 2689 velere
645 2625 708 2687 dici
727 2623 839 2706 possit,
865 2625 993 2706 perepri
1011 2624 1046 2685 in
1060 2624 1149 2702 loeo,

171 2754 302 2818 perepre
329 2736 369 2797 ad
391 2736 495 2797 locum
520 2735 706 2816 significare.
756 2732 826 2794 Vid.
845 2732 943 2793 Perit.
961 2732 996 2792 in
1013 2732 1092 2815 App.
1110 2732 1151 2796 nd

181 2843 286 2906 Senot.
306 2841 379 2904 liin.
405 2843 431 2904 Ι.
453 2845 500 2904 18.
519 2863 550 2924 p.
569 2845 644 2918 238,
667 2851 701 2904 ot
718 2841 769 2903 IV.
789 2841 818 2903 l.
835 2861 868 2921 p.
885 2842 954 2903 750.
998 2843 1058 2918 Qui
1072 2862 1150 2904 eon·

177 2950 306 3011 trariam
332 2951 510 3030 opinionem
536 2948 618 3012 tueri
641 2950 791 3012 ridentur
813 2948 876 3011 loei
891 2948 1046 3024 Plautini,
1076 2959 1150 3011 sunt

178 3058 292 3120 dubiae
310 3058 465 3121 lectionis.

220 3167 270 3228 Vs.
300 3170 351 3230 57.
381 3168 448 3229 diet
465 3168 539 3229 hose
550 3170 738 3252 praestituta
755 3176 816 3242 est,
845 3175 927 3228 ete:
956 3166 1049 3246 plane
1064 3165 1150 3228 inso-

178 3275 283 3336 lenter
319 3275 393 3336 lroeo
418 3278 484 3338 dies
507 3277 545 3338 de
570 3278 680 3339 futuro
704 3284 893 3358 usurpatur,
930 3282 964 3336 et
989 3275 1152 3352 sequentia

179 3384 327 3464 respicit,
368 3405 440 3446 eum
463 3386 595 3448 maxime
610 3386 644 3447 in
660 3386 727 3468 ipsa
743 3386 802 3448 hae
817 3384 924 3446 fabula
938 3384 988 3445 bis
1004 3384 1044 3444 de
1059 3401 1152 3464 prae·

182 3492 264 3553 senti
293 3491 429 3570 dieitur,
470 3496 498 3557 l.
525 3496 555 3558 3.
584 3497 657 3571 llo,
694 3505 728 3557 et
752 3496 783 3556 2.
809 3494 838 3554 2.
866 3492 916 3554 28.
958 3492 1080 3574 Optime
1103 3502 1152 3554 tn·

181 3619 254 3661 men
293 3601 339 3664 sio
371 3603 552 3685 junguntur
587 3604 661 3666 haee
687 3605 770 3676 dier,
803 3621 954 3685 prosumo
975 3599 1150 3684 Dionysio,

186 3708 333 3786 quoniam
359 3709 422 3772 llil.
442 3713 471 3774 2.
489 3713 518 3774 3.
536 3713 556 3773 2
571 3712 637 3794 ipse
654 3713 782 3775 Plautus
796 3709 895 3772 dixit:

227 3815 317 3875 Certo
333 3816 439 3900 edepol
454 3821 518 3880 reio
534 3841 581 3881 ore
598 3822 714 3883 vidisse
731 3820 780 3882 hie
794 3839 963 3903 pronomen
980 3816 1117 3879 viciniae

226 3920 485 3987 Philocomasium
502 3937 559 4000 eto.
