2670 5146
655 334 710 413 43

249 577 318 654 Qui
339 594 438 643 auum
460 585 641 661 repetunt,
662 570 810 643 alianum
831 572 975 642 reddunt
998 589 1075 644 uate
1098 600 1157 644 ne·

1048 694 1155 772 mini,
1250 681 1256 689 ’

242 805 298 875 Ab
312 804 437 871 alienia
455 806 622 871 cautiores
636 814 713 871 suut
728 849 739 882 ‚
766 823 808 869 ne
819 804 956 871 credaut
968 804 1083 873 alteri.

175 924 299 989 (ii-ca.
322 919 438 987 Nimia
457 921 563 984 miser
580 938 678 998 aum,
703 940 872 984 nummum
883 943 1048 1008 nusquam
1060 945 1157 1009 repe-

825 1037 895 1101 rire
905 1038 1038 1122 argenti
1051 1059 1154 1123 queo:

241 1151 294 1218 Ita
306 1152 411 1215 miser
423 1161 457 1215 et
469 1169 579 1215 amore
590 1169 691 1235 pereo
706 1192 717 1227 ,
743 1159 776 1212 et
788 1149 903 1234 inopia
916 1152 1121 1236 argentaria.

243 1285 302 1331 aa.
325 1264 408 1330 Eme
419 1264 475 1329 die
488 1285 588 1330 caeca
598 1259 714 1333 hercle
723 1260 866 1342 olivam,
879 1263 916 1331 id
928 1264 1065 1330 vendito
1077 1286 1155 1329 ccu-

986 1377 1063 1443 ¹lata
1077 1381 1154 1446 die:

239 1495 314 1561 Jam
334 1493 448 1560 hercle
472 1491 528 1560 vel
541 1494 704 1560 ducentae
716 1490 1154 1582 ficripcssuutpraesentca

1031 1611 1153 1676 minae.

259 1811 302 1861 64.
320 1825 369 1861 aec
384 1810 508 1888 radiarit.
544 1808 661 1861 Amhrca.
679 1809 725 1860 Cd.
739 1810 851 1877 pectilia
869 1826 960 1861 amaea
977 1827 1000 1861 c.
1020 1829 1058 1862 ε.-

264 1909 308 1958 68,
327 1907 399 1957 abeat
416 1905 513 1956 hercle.

177 2073 330 2156 interpr.:
375 2092 447 2134 nam
480 2069 607 2132 videtur
639 2068 815 2150 significare
846 2077 939 2152 pecta
963 2073 1156 2151 argentarios

179 2186 249 2245 socc
292 2183 455 2254 cedentes,
497 2179 632 2260 pecunia
659 2179 781 2240 credita
811 2179 909 2259 prchc
935 2178 1091 2259 saginatos
1124 2189 1157 2241 ct

180 2293 377 2354 aalrurratcs:
415 2290 457 2351 cs.
486 2290 575 2350 Gurc.
603 2288 632 2348 3.
661 2308 705 2348 vs.
735 2289 761 2348 7.
791 2305 858 2365 sqq.

218 2401 341 2462 Habent
364 2398 455 2464 hunc„
472 2416 586 2456 morem
607 2397 747 2478 plerique
773 2399 964 2476 argentarii,

216 2509 261 2568 Ur
287 2509 369 2568 aliua
395 2507 659 2588 autumpnatem,
697 2501 847 2584 (debiturn
872 2507 1013 2587 cuiqam)
1028 2506 1161 2568 reddant

1008 2618 1152 2678 acarini:

219 2725 342 2805 Pityaia
364 2745 428 2784 ram
456 2723 594 2799 calcarat,
633 2726 661 2784 ai
684 2725 754 2804 quia
776 2734 883 2806 porcat
907 2725 1035 2785 clarim.

182 2836 265 2896 Pers.
284 2836 313 2894 3.
333 2835 362 2894 3.
381 2835 430 2895 30.

227 2943 286 3006 Ubi
317 2944 393 3024 quid
417 2944 589 3004 credideris
612 2942 850 3025 (argentariis),
891 2945 985 3004 citius
1010 2945 1158 3027 extemplo

324 3027 326 3033 s
1050 3073 1070 3111 a
1086 3054 1162 3132 fore

218 3157 378 3242 Pitaium,
412 3182 502 3240 qaam
525 3183 564 3222 err
584 3173 676 3244 parta
700 3163 782 3222 iadis
800 3183 869 3222 cam
887 3162 1044 3220 emiaaa'ct
1061 3160 1157 3242 lepra.

229 3271 281 3331 Vs.
302 3272 350 3332 63.
371 3282 445 3330 cato
468 3273 610 3331 ricmiri:
638 3273 683 3333 sic
710 3273 790 3332 salet
817 3270 931 3332 adderc
956 3270 1083 3331 Plautus
1101 3289 1160 3328 aa·

188 3382 254 3452 tac,
293 3379 362 3439 sere
398 3400 455 3460 pro
478 3380 637 3455 mortalic,·
668 3381 779 3462 Amph.
805 3381 834 3441 2.
860 3381 889 3440 2.
914 3380 988 3454 203,
1025 3378 1164 3438 mortalia

188 3507 292 3549 acmo:
320 3489 361 3549 cf.
392 3491 501 3571 Caper.
533 3491 618 3552 Obss.
640 3490 701 3550 ΙΙΙ.
725 3492 771 3551 10.
795 3489 922 3552 Ruhnk.
940 3488 980 3551 ad
997 3489 1070 3551 Rut.
1087 3488 1163 3570 Lup.

187 3615 217 3675 p.
241 3597 292 3658 aa.
333 3599 464 3678 Egregie
488 3599 522 3658 in
548 3599 624 3659 edit.
654 3599 761 3680 steph.
784 3608 850 3660 estc

226 3706 374 3766 Aliarum
400 3709 534 3769 reciduat
560 3719 634 3770 reato
660 3709 798 3783 reamini,
840 3708 895 3785 qui
914 3728 1003 3769 caum
1026 3713 1169 3790 repetant

228 3816 426 3891 Ararene,
459 3821 612 3880 cautiores
632 3827 693 3880 etc.
919 3816 922 3820 ’

190 3911 322 4004 Vulgata
342 3926 394 3987 vix
415 3928 576 3992 commode
594 3927 737 4009 expediri
757 3933 872 4008 potest.

1027 4036 1047 4096 7
