2670 5146
555 364 687 442 ·9t

237 631 287 677 rr.
311 606 387 674 Vae
399 607 481 671 tibi!
509 617 546 672 tu
557 608 715 674 inventur
726 629 824 688 vero,
837 628 942 675 meam
955 608 1142 698 qniforoil·

951 722 1004 790 les
1016 722 1118 789 fidem
1132 726 1141 789 Ι

242 835 352 914 Quasi
373 836 460 902 mihi
481 857 546 902 non
568 849 730 903 sexcenta
752 851 843 904 tanta
854 837 920 905 soli
932 836 1062 905 soleant
1073 862 1147 905 ore·

1046 953 1120 1021 dier
1135 956 1143 1019 Ι

237 1090 297 1134 rm.
323 1069 440 1151 Potest
451 1079 489 1131 ut
499 1065 562 1132 ulii
575 1070 624 1133 ita
635 1066 890 1149 arbitrentnr‚et
903 1092 964 1158 ego
976 1083 1062 1136 utne
1074 1092 1148 1137 ere-

983 1185 1057 1251 dam
1069 1183 1149 1250 tibi.

238 1323 289 1368 rs.
314 1299 423 1378 Quasi
442 1313 476 1366 tu
489 1299 583 1368 dieas
595 1320 648 1368 me
659 1313 693 1366 te
704 1297 795 1367 velle
808 1312 945 1388 argento
956 1300 1146 1368 circumdu-

1058 1439 1147 1482 eene.

261 1605 304 1658 37.
323 1605 395 1655 abeat
411 1604 471 1655 ooli.
507 1604 549 1656 38.
569 1604 620 1655 alii
637 1611 663 1654 te
679 1605 858 1657 arbitrentur.

174 1811 234 1865 ¹0⁸3
263 1791 309 1849 oio
328 1805 508 1860 servavero,
537 1786 591 1848 eni
607 1786 693 1847 favet
711 1785 844 1847 aliorum
862 1793 1045 1866 corruptum
1064 1780 1150 1846 oon‘o

172 1904 251 1980 jam.
293 1895 436 1957 Alterum
453 1894 546 1956 alteri
565 1913 629 1954 non
646 1903 812 1973 antepono.
855 1893 965 1968 Joeus,
985 1911 1079 1970 quem
1096 1894 1149 1954 hio

175 2006 294 2086 optime
327 2001 602 2083 deprehenderunt
637 2001 789 2081 interpr,
821 2000 970 2074 facetior,
1010 2002 1036 2061 si
1054 2022 1151 2082 peen-

176 2116 261 2177 niam
278 2114 312 2173 in
330 2132 408 2174 nona
424 2113 561 2173 vinctam
579 2111 760 2191 cogitamus.

217 2225 267 2284 Vs.
288 2224 338 2284 36.
360 2242 459 2281 meam
476 2221 531 2301 qai
540 2218 684 2299 servilior
702 2219 807 2300 fidem.
850 2219 988 2280 Verbum
1005 2219 1067 2281 hoo
1075 2222 1148 2300 for-

175 2334 285 2395 oillore
310 2349 404 2409 quam
421 2329 571 2410 plurimas
596 2328 717 2389 ereavit
733 2328 890 2391 molestias
907 2330 1150 2411 interpretibus,

169 2443 246 2520 qui,
275 2441 416 2518 quamvis
429 2439 475 2501 ,in
499 2437 641 2500 omnibus
668 2437 736 2498 tiss.
756 2437 801 2498 sie
818 2437 952 2517 legitur,
980 2438 1154 2503 indiverso

104 2538 112 2551 ⁹
172 2554 305 2631 abeunt.
363 2547 591 2611 contumeliose
617 2547 737 2626 rejeeta
763 2546 904 2608 Lambini
934 2548 1157 2631 interpretatio

176 2662 211 2722 in
238 2657 487 2740 desperatissima
513 2656 572 2717 hae
600 2676 693 2717 eausa
718 2655 779 2715 nisi
807 2656 925 2736 optima
950 2668 1013 2733 est,
1051 2668 1154 2721 tamen

176 2766 409 2848 exoptatissima
451 2763 589 2839 accidit,
638 2765 683 2825 sie
715 2764 886 2826 vertentis:
934 2787 1033 2827 meam
1060 2768 1156 2849 fidem

177 2878 268 2959 quoti
292 2876 400 2957 sarcio
433 2883 576 2954 torqueor
612 2883 642 2933 et
678 2873 847 2955 depraves:
888 2874 982 2935 immo
1007 2879 1083 2936 v'ero
1110 2876 1156 2936 lo·
1222 2856 1226 2865 ¹

177 3007 278 3059 cereo,
310 2981 476 3042 distrahor.
520 2981 586 3042 Vox
611 2989 659 3041 est
674 3000 693 3042 a
707 3000 797 3042 servo
811 2981 894 3042 fieta.
938 2981 1055 3042 Furcae
1074 2983 1157 3042 enim

178 3095 231 3155 vel
250 3091 404 3173 furcillae
428 3090 651 3163 instrumenta,
689 3108 779 3150 servo
803 3089 945 3167 improbo
971 3109 1007 3152 ae
1024 3109 1158 3168 nequam

179 3202 341 3264 notissima
365 3197 455 3279 (hino
480 3198 654 3260 locutiones
677 3199 734 3259 rub
751 3199 860 3279 suroio
877 3199 979 3273 coedi,
999 3200 1156 3279 furcifer,

180 3311 261 3385 alia,
285 3308 325 3370 de
351 3308 448 3369 servis
463 3316 497 3368 ot
514 3308 548 3368 in
567 3327 669 3370 servos
686 3309 815 3389 proprie
833 3307 947 3390 dieta):
974 3308 1082 3386 itaquo
1099 3310 1159 3369 mi-

180 3438 253 3479 rum
270 3437 333 3478 non
352 3426 419 3490 est,
448 3417 475 3476 si
499 3415 668 3478 Pseudolus
686 3416 875 3498 supplicium
892 3416 1052 3479 furcarum
1075 3439 1160 3481 eom·

182 3536 350 3601 memorat,
389 3544 453 3605 quo
479 3526 546 3606 ipse
570 3525 682 3587 erebro
704 3527 832 3587 affectus
856 3524 937 3601 snit,
965 3526 1017 3587 vel
1034 3547 1161 3590 conser-

176 3655 236 3698 vos
253 3636 409 3698 eruciatus
433 3634 524 3695 vidit.
561 3635 687 3716 Copioso
703 3634 864 3697 snroarnm
878 3627 1057 3716 poenalium
1072 3655 1162 3698 nsum

183 3745 328 3825 exposuit
352 3743 476 3827 Lipude
495 3745 606 3818 Crueo,
638 3744 698 3806 111.
718 3745 748 3807 2.
767 3761 834 3823 sqq.
877 3745 984 3826 Steph.
1000 3745 1067 3823 jum
1085 3764 1161 3807 oon-

179 3853 260 3932 jeeit
279 3853 453 3932 floooitleo,
494 3863 525 3914 et
551 3853 585 3912 iu
612 3853 751 3933 margine
778 3852 925 3917 editionis
959 3873 1032 3915 suae
1059 3854 1163 3914 notari

181 3961 288 4040 jussit.
