2670 5146
629 425 707 500 159

236 661 467 750 Conseriptam
487 665 594 728 mittit
617 664 1044 754 Polymachaeropleeides.

237 779 422 865 Imaginem
443 779 672 875 obsignetem‚
699 804 781 868 quae
804 785 974 850 internos
998 787 1062 851 duo

238 891 403 959 Convenit
424 892 517 961 olim.
553 914 604 958 su.
629 893 822 979 Symbolum
851 913 904 964 est
926 902 962 964 in
984 899 1147 986 epistola..

170 1009 293 1074 idun.
318 1007 452 1086 Videe',
477 1022 511 1073 et
522 1014 853 1098 eognoscoignum:
878 1015 1141 1102 sedin'epistola

236 1120 372 1188 Nullam
395 1122 537 1189 salutem
561 1127 695 1190 mittere
720 1148 762 1192 ne
787 1129 946 1215 seriptum
970 1128 1083 1195 soleti

239 1257 289 1300 su.
313 1237 366 1302 Ita
387 1238 546 1302 militaris
571 1237 753 1326 disciplina
776 1255 852 1319 est,
877 1241 1011 1311 Ballio:

248 1391 289 1444 46.
308 1394 380 1444 abest
396 1409 438 1444 ne.

171 1571 173 1576 .
220 1518 270 1577 Vs.
291 1519 340 1579 d3.
361 1520 529 1598 intaqinem
546 1521 760 1599 oleiquetam:
785 1525 831 1584 sie
852 1523 1149 1609 Mssemnemier·

179 1628 208 1687 ri
236 1638 338 1689 tamen
361 1629 488 1705 nequit:
518 1639 700 1709 corruptum
719 1650 784 1691 esse
802 1640 834 1691 et
852 1631 1051 1692 scribendum
1069 1633 1149 1692 ima·

179 1737 268 1814 qino,
310 1737 339 1797 d.
372 1739 399 1796 7.
429 1739 487 1798 105
510 1737 613 1817 palam
638 1737 731 1799 iacit:
764 1758 802 1798 ex
826 1756 888 1816 quo
909 1757 1016 1811 versu,
1053 1739 1150 1802 eolla·

178 1853 211 1902 to
231 1843 302 1902 eum
327 1844 355 1903 i.
381 1845 409 1903 6.
436 1845 492 1916 30,
517 1844 680 1916 discimus,
711 1845 876 1923 imaginem
900 1864 939 1904 ex
960 1845 1077 1906 annulo
1095 1866 1150 1905 ex-

176 1969 328 2028 pressam,
349 1949 521 2028 symbelum
539 1960 727 2011 conventum
743 1951 856 2012 luisse:
884 1961 971 2012 reete
987 1952 1086 2031 igitur
1103 1953 1152 2012 si-

179 2058 242 2118 mia
271 2078 314 2118 vs.
340 2076 385 2135 sq.
414 2057 508 2118 dicit:
537 2057 703 2137 syinbolem
729 2069 773 2118 est
790 2060 828 2117 iu
845 2058 994 2140 epistola:
1023 2059 1044 2118 i.
1073 2079 1100 2119 e.
1121 2060 1151 2118 ei

180 2166 452 2245 superimpositum
471 2175 527 2226 est.
560 2165 602 2226 Iu
620 2165 720 2245 igitur
735 2167 819 2228 valet
837 2187 939 2249 super.
970 2168 1009 2227 In
1026 2167 1148 2245 Steph.,

180 2293 288 2333 versus
304 2272 397 2334 aliter
414 2273 595 2350 dispertita,
625 2275 783 2354 epistolam
801 2295 845 2335 vs.
865 2277 914 2337 tl.
934 2275 1032 2337 abest.

221 2382 271 2442 Vs.
301 2383 351 2443 ld.
379 2383 500 2441 mittere
528 2403 567 2440 ne
594 2384 740 2464 scriptam
766 2384 860 2443 tolet:
889 2383 1154 2463 interrogativum

180 2513 219 2550 ne
247 2491 291 2551 sie
316 2491 488 2551 insolenter
515 2490 587 2550 sede
614 2509 669 2551 sua
691 2499 860 2562 remotum,
891 2491 1001 2565 hahet,
1024 2490 1066 2550 in
1091 2509 1155 2567 quo

178 2601 384 2676 offendamus3
419 2598 480 2659 nisi
505 2619 580 2659 vere
598 2600 629 2659 h.
650 2599 671 2659 l.
693 2599 776 2660 idem
794 2608 933 2661 statuere
951 2599 1041 2674 lieet,
1069 2599 1155 2675 quod

177 2710 245 2788 huj.
265 2709 327 2770 sab.
348 2711 375 2768 1.
398 2711 424 2768 l.
447 2710 515 2782 ltt,
538 2711 658 2796 mittere
676 2710 818 2770 ultimam
835 2709 1009 2789 producere
1026 2716 1156 2787 propter
1187 2774 1190 2779 ,

180 2820 293 2893 trinas,
324 2839 342 2878 a
368 2819 482 2895 quibus
501 2838 560 2879 vox
577 2837 622 2895 sq.
647 2818 776 2898 incipit,
809 2838 973 2892 consonas,
1007 2817 1101 2877 inviti
1117 2825 1154 2877 ut

182 2939 324 2989 tueamur
351 2948 390 2986 ne
413 2928 545 2988 metrica
563 2928 649 3007 cogit
666 2927 762 3001 ratio,
794 2927 996 2989 suadentibus
1013 2926 1155 3004 quamvis

185 3037 238 3097 cd.
266 3035 360 3096 dead.
386 3046 419 3095 et
444 3037 492 3096 etl.
520 3037 643 3116 steph„
685 3047 722 3096 ut
741 3036 918 3115 ejiciamus:
944 3042 1053 3094 verum
1078 3033 1156 3096 haee

185 3165 280 3224 pravo
297 3154 496 3205 tetrametro:
525 3143 698 3227 (incipiunt
716 3144 830 3205 senarii
848 3143 921 3204 inde
939 3163 958 3205 a
974 3160 1020 3220 sq.
1040 3141 1120 3220 vs.)¹

228 3255 291 3316 Sed
306 3256 344 3314 in
360 3255 487 3337 epistola
504 3255 623 3314 ttullam
640 3255 769 3315 salutem
783 3256 904 3314 mittere
919 3252 1160 3334 scriptumsolet.

186 3364 238 3424 eui
261 3373 365 3425 tamen
382 3384 421 3422 ne
439 3364 558 3425 mederi
575 3384 639 3425 non
656 3372 776 3445 potest,
806 3364 868 3426 nisi
884 3374 954 3444 post
972 3363 1091 3422 niellam
1108 3361 1159 3421 in-

184 3481 311 3534 sertum.
361 3451 506 3548 decedit,
543 3474 627 3552 quod
654 3474 738 3536 haud
764 3475 858 3535 semel
885 3474 1011 3536 Plautus
1030 3493 1069 3533 ne
1086 3493 1163 3554 pro-⁴

187 3579 257 3661 prio
278 3581 347 3641 loeo
368 3582 504 3661 pellens,
526 3582 560 3641 in
581 3582 734 3656 alienum,
758 3583 834 3645 lieet
851 3602 914 3643 non
931 3582 1024 3661 longe
1042 3581 1161 3641 distan-

188 3703 267 3766 tem,
298 3689 461 3766 tintrudit:
499 3692 547 3752 eff.
576 3691 663 3752 llest.
691 3694 720 3753 2.
749 3694 778 3753 2.
808 3693 864 3766 89,
895 3693 948 3751 sed
973 3701 1009 3751 tu
1026 3692 1161 3751 otidum

186 3813 289 3877 aetas,·
321 3804 411 3863 Cure.
435 3803 461 3862 1.
487 3802 514 3862 l.
538 3801 575 3861 18
595 3802 710 3861 etheri
729 3801 962 3876 coenaeietitm
992 3802 1056 3862 Cas.
1077 3801 1107 3859 2.
1130 3800 1160 3859 5.

189 3913 227 3972 10
245 3930 314 3972 eum
331 3932 468 3972 uuerene
486 3931 574 3985 meu,·
605 3910 669 3972 llil.
690 3912 719 3973 3.
743 3913 770 3974 1.
792 3911 843 3972 92.
940 3896 944 3903 ¹

228 4019 277 4080 Vs.
308 4021 358 4081 t7.
389 4020 538 4103 militaris
558 4020 727 4102 discipline
748 4030 813 4082 est:
843 4039 900 4100 pro
917 4013 1163 4085 consuetudine,
