2670 5146
580 347 792 422 sia.

244 593 355 659 Iratus
376 591 447 656 sitr
472 609 534 676 ego
556 608 599 652 ne
622 587 706 674 quid
726 602 869 669 noceat,
894 613 1025 660 cavero.
1082 660 1084 667 ,

245 696 313 774 Sed
325 705 407 794 quid
419 707 471 769 ais
483 701 498 766 l
512 699 679 790 quidhoc,
694 704 782 790 quod
794 718 827 769 te
840 728 921 792 rogo
933 707 948 771 l
961 731 1011 774 rs.
1025 708 1065 775 Si
1077 713 1158 798 quid

584 852 585 856 ¹
959 825 1014 888 vis
1031 870 1040 902 ,
1055 848 1157 912 roga:

179 935 345 1013 count
365 935 483 1012 scibo,
508 930 654 1018 Delphis
679 931 745 996 tibi
770 955 967 1020 responsum
992 938 1109 1004 dicito.

245 1076 287 1119 sr.
312 1051 463 1116 Advorte
487 1070 565 1134 ergo
588 1049 758 1138 animum3
791 1050 901 1115 etiae
927 1053 976 1116 sis
998 1057 1160 1140 promissi

1014 1189 1158 1238 memor:

245 1279 337 1357 Quid
358 1277 435 1343 aisl
459 1298 598 1365 ecquam
620 1280 689 1341 sois
714 1275 824 1343 filium
847 1280 1025 1348 tibicinam

247 1388 362 1461 Meum
373 1386 508 1459 amore?
540 1413 592 1457 1²8.
616 1385 750 1480 Negare
761 1416 871 1459 meum
883 1411 947 1462 est.
984 1417 1029 1462 ss.
1052 1391 1159 1466 Libe·

847 1534 921 1578 rare
934 1535 1032 1601 quam
1044 1514 1156 1582 veliti

265 1657 309 1707 65.
328 1658 353 1706 si
371 1655 437 1721 quid
452 1653 532 1705 scibo.
567 1650 611 1704 66.
630 1652 703 1703 obest
721 1660 756 1721 et.

179 1787 248 1844 Ter.
276 1782 353 1842 Eun.
382 1781 409 1839 1.
438 1780 468 1839 2.
498 1779 575 1853 1173
607 1778 669 1838 Cic.
689 1777 729 1838 ad
746 1777 812 1838 att.
834 1777 904 1838 XII.
925 1781 975 1840 50.
1002 1781 1074 1842 vide
1095 1784 1159 1844 Gu-

176 1891 275 1951 lielm.
327 1891 451 1964 Quaest.
482 1886 516 1945 in
544 1885 656 1945 llaoch.
686 1904 714 1945 c.
741 1885 772 1945 3.
823 1885 1003 1964 Opportune
1030 1889 1160 1953 laudant

176 2000 252 2058 inst.
272 1996 358 2074 Virg.
380 1994 456 2054 Aen.
482 1992 536 2052 IV.
559 1992 628 2052 539.

220 2105 271 2165 Vs.
303 2105 352 2164 bl.
373 2103 427 2160 sed
446 2101 522 2182 quid
540 2099 611 2160 ciel
630 2099 781 2174 formula,
806 2122 869 2181 qua
886 2102 990 2163 utitur
1008 2105 1153 2181 Plautus,

180 2212 308 2295 quando
331 2210 419 2272 aliud
443 2209 538 2289 quid,
571 2229 664 2287 quam
683 2210 859 2290 quod-ante
877 2211 1038 2286 dixerunt,
1069 2225 1160 2276 erant

179 2321 317 2383 dicturi:
350 2320 392 2381 o'f.
421 2319 516 2397 hujus
544 2338 586 2379 sc.
613 2338 658 2379 vs.
676 2320 749 2397 673·
765 2317 876 2400 Amph.
897 2321 933 2394 2,
960 2322 992 2395 l,
1018 2324 1072 2400 73;
1096 2323 1159 2383 lde·

177 2430 319 2492 naechm.
342 2430 375 2501 1,
398 2428 434 2496 2,
457 2428 505 2488 52.
536 2427 628 2488 Plura
647 2427 719 2487 vide
734 2427 817 2507 apud
833 2427 973 2489 Both.ad
982 2428 1075 2516 idere.
1087 2431 1157 2492 llll.

216 2536 268 2598 Vs.
289 2539 339 2598 65.
363 2535 495 2617 Delphis
515 2535 575 2594 tibi
593 2543 671 2597 eta:
699 2536 747 2596 eff.
768 2536 862 2598 Gron.
882 2537 915 2597 L.
934 2531 967 2598 P.
986 2558 1017 2618 p.
1036 2539 1106 2600 257.

215 2646 265 2707 Vs.
289 2647 337 2705 68.
360 2646 398 2704 In
413 2645 462 2704 his
481 2645 720 2739 librorumllss.
743 2645 881 2705 tenebris
899 2665 962 2706 nou
982 2656 1157 2727 potuerunt

180 2775 245 2818 non
272 2773 379 2815 errare
404 2763 437 2814 et
467 2754 606 2814 titubare
626 2755 826 2833 interpretes.
870 2754 930 2815 Sed
950 2775 1031 2835 quae
1053 2757 1159 2818 Came·

178 2863 281 2926 rarius
314 2882 352 2922 ex
380 2861 471 2922 libris
498 2862 562 2922 suis
592 2862 738 2942 collegit,
769 2863 855 2922 etin
875 2864 990 2923 nostris
1010 2863 1159 2924 editioni-

180 2974 240 3032 bus
260 2979 387 3032 exarata
405 2970 689 3044 circumferuntur,
713 2979 796 3031 stare
813 2992 877 3032 nou
895 2981 1040 3053 possunt,
1064 2974 1159 3052 quip-

182 3100 223 3162 pe
251 3100 362 3160 parum
392 3099 531 3158 congrua
559 3100 630 3140 cum
651 3080 950 3159 interrogationibus
967 3080 1161 3162 subsequen*

163 3171 166 3176 ,
183 3188 268 3248 tibus
296 3188 444 3264 Simonis,
478 3196 510 3247 et
531 3207 602 3248 cum
622 3187 677 3261 iis,
710 3207 791 3268 quae
811 3189 877 3268 ipse
898 3187 1067 3249 Pseudolus
1087 3208 1159 3268 pos·

182 3305 233 3357 tea
262 3296 448 3377 respondet:
488 3296 630 3383 negando
656 3296 709 3358 hio
739 3297 826 3357 locus
853 3316 919 3358 esse
948 3296 1071 3376 nequit.
1114 3295 1162 3356 Ad

183 3425 282 3466 unum
312 3425 417 3467 omnes
447 3406 659 3467 assentiuntur
687 3405 895 3486 interpretes,
935 3413 969 3465 et
995 3404 1161 3466 manifesto

184 3514 327 3576 indicant
347 3515 424 3575 libri
443 3515 588 3577 nonnulli
609 3514 676 3576 llss.
687 3561 695 3590 ,
730 3535 843 3594 cepere
863 3534 963 3572 meum
984 3533 1023 3574 ex
1044 3515 1162 3575 Graeco

184 3623 274 3684 fonte
294 3624 430 3684 ssuxisse.
472 3625 535 3685 Nec
556 3633 660 3684 tamen
678 3624 756 3684 haec
777 3624 894 3683 Graece
915 3623 1101 3709 expressisse
1113 3624 1162 3683 vi·

183 3732 278 3793 detur
310 3732 496 3807 Pseudolus,
530 3742 566 3793 ut
587 3733 713 3795 oracula
733 3717 927 3804 imitaretur,
960 3751 1032 3792 nam
1052 3740 1085 3792 et
1106 3752 1162 3793 an·

185 3849 217 3900 te
247 3841 306 3919 lus.
340 3842 393 3917 28)
409 3842 476 3920 jam
497 3844 614 3905 Graeca
633 3843 879 3924 interposuerat,
910 3850 944 3902 et
963 3841 1046 3902 infra
1065 3838 1109 3920 (2.
1132 3843 1161 3903 l.

184 3947 239 4030 22)
259 3951 395 4011 sermoni
413 3971 470 4013 suo
488 3952 658 4014 immiscet:
682 3951 736 4014 sed
756 3952 832 4032 quia
850 3957 943 4032 poeta
959 3969 1084 4012 servum
1100 3950 1158 4009 fin-

996 4061 1038 4122 10
