2670 5146
623 310 627 315 ’
692 347 746 424 ae

315 597 356 664 Si
367 594 404 659 id
413 595 528 660 fecere
540 602 711 678 nequeat,
736 589 794 655 det
803 586 913 655 locum
928 589 986 657 illi
999 594 1059 680 qui
1070 610 1190 682 queat.

319 708 511 778 concedere
525 705 775 794 aliquantisper
786 704 866 771 hinc
879 706 965 771 mihi
978 709 1069 774 iutro
1079 707 1172 791 libet
1185 757 1197 792 ,

317 825 408 892 Dum
431 823 651 891 concenturic
676 822 712 885 in
735 821 834 886 corde
857 825 1109 908 sycophantiae.

238 939 471 1010 1600'l'ibicen
493 958 553 1003 voa
578 939 709 1002 interea
730 934 787 1001 hic
812 934 1045 1005 delectaverit.

235 1226 272 1285 do
302 1219 443 1302 quumvis
471 1237 534 1278 non
561 1217 696 1276 multum
716 1215 863 1296 ponderis
884 1215 1004 1277 nddunt
1023 1219 1224 1296 sententiae,

235 1341 341 1393 temen
371 1328 415 1388 sic
443 1326 636 1408 pleonesticc
663 1323 753 1404 loqui
782 1332 864 1386 amnt
893 1324 1041 1401 Plautus3
1077 1329 1228 1410 exempla

236 1438 310 1499 vide
331 1435 414 1517 apud
434 1435 583 1506 Peneum,
608 1431 681 1492 Lex.
704 1431 805 1492 Pleut.
828 1431 922 1493 dant.
945 1432 978 1491 in
999 1432 1227 1496 Parallclie.—

241 1546 418 1607 Provenire
446 1542 523 1603 licet
550 1539 652 1601 minus
673 1540 824 1601 usitatum
844 1539 884 1600 eit
904 1540 944 1600 de
962 1540 1171 1604 histrionibus
1192 1554 1230 1604 et

239 1652 432 1723 oratoribus,
474 1650 507 1709 in
533 1657 635 1709 rostra
664 1645 943 1721 adscendentibus,
976 1667 1069 1727 qnam
1093 1636 1227 1730 prodire

239 1768 272 1821 et
295 1760 477 1843 precedere,
518 1757 650 1819 Naevius
683 1764 788 1817 temen
808 1755 890 1834 apud
911 1755 973 1817 Cic.
996 1755 1036 1817 de
1056 1757 1182 1819 Senect.
1207 1760 1230 1819 6

242 1866 352 1928 codem
372 1886 446 1926 usus
467 1873 533 1926 eet:

284 1973 518 2035 Proveniebcnt
538 1984 673 2033 oratores
692 1974 782 2046 nuci,
816 1972 904 2033 etnltr'
924 1972 1158 2034 adolescentuli.

246 2084 356 2147 Graeci
383 2087 527 2162 πραςνέναν,
565 2087 682 2160 παριέναι
712 2077 811 2160 (unde
839 2086 864 2143 oi
888 2084 1026 2158 ιιαριὸντει
1050 2080 1133 2161 apud
1163 2082 1229 2143 lle·

241 2192 355 2254 mouth.
383 2192 466 2252 idem
494 2190 579 2270 quod
604 2189 772 2269 oratores),
809 2192 1006 2266 παρέρχεσθαι,
1032 2189 1182 2266 ἀναβαίνειν
1197 2189 1231 2261 ἐς

244 2305 278 2363 αδ
296 2301 414 2370 πλῆθος,
441 2298 512 2358 alin.

287 2407 338 2467 Va.
363 2405 430 2466 159.
452 2408 671 2480 concenturiO,
703 2415 750 2468 est
769 2405 898 2486 colliqo:
926 2406 1012 2468 Trin.
1033 2406 1068 2479 l,
1092 2405 1121 2464 2.
1155 2405 1231 2469 160.

287 2514 367 2576 Num
387 2513 517 2596 epistola
535 2513 592 2574 illc
613 2514 691 2574 milri
707 2515 923 2575 concenturiat
941 2523 1055 2574 metum

293 2621 337 2684 In
358 2622 458 2682 corde.
520 2688 522 2697 Ι

247 2730 330 2791 Are
348 2729 480 2791 militari
498 2730 684 2793 desumtum.
727 2731 910 2793 centurione
930 2731 1084 2803 enimest,
1107 2727 1232 2792 militen

200 2834 206 2842 ’
248 2839 284 2899 in
303 2859 373 2899 auae
394 2839 505 2899 classes
525 2838 659 2902 deferre.
703 2843 793 2902 Gurc.
815 2843 851 2915 l,
874 2842 910 2914 d,
934 2840 984 2901 29.

289 2946 380 3010 Miles
396 2945 527 3029 pulchre
547 2949 743 3008 centuriutno
763 2960 809 3009 eet
827 2958 978 3030 enpnncto
997 2948 1034 3006 in
1051 2944 1226 3027 manipulo.

249 3073 328 3135 pro:
369 3074 407 3114 ex
435 3054 579 3117 centuria
605 3064 792 3137 expunctus.
842 3057 941 3117 Minus
961 3063 1049 3116 recte
1068 3053 1167 3133 igitur
1188 3052 1232 3115 ad

248 3162 355 3224 locum'
394 3162 565 3225 Trinumm.
603 3164 793 3246 interpretes
822 3166 983 3227 deducunt
1011 3184 1029 3224 a
1057 3161 1231 3238 centuriis,

252 3289 334 3351 quae
354 3269 395 3334 od
416 3271 562 3352 suffragia
581 3273 792 3334 conveniunt:
815 3295 888 3335 num
907 3273 1085 3334 centurione
1105 3268 1157 3329 vix
1178 3269 1231 3330 di·

254 3377 338 3439 citur
358 3398 416 3461 pro
435 3381 636 3442 centuriatim
656 3382 815 3464 colliqere,
840 3382 900 3444 nisi
910 3379 1119 3462 inparticipio
1126 3424 1134 3454 ‚
1158 3398 1230 3441 r.c.

250 3487 374 3547 comitio
395 3489 584 3552 centurictnc

569 3715 910 3756 ...ψ-...-
