2670 5146
644 440 725 519 110

256 690 463 755 Exornatutn
486 685 642 750 adducite
666 685 708 749 ud
728 704 782 750 me
796 691 893 772 jam,
914 688 956 752 ud
969 692 1174 777 trapezitam

942 803 1172 875 Aeschinum.

257 919 324 984 Sed
335 929 522 1005 properate.
545 936 604 980 cu.
628 916 729 982 Prius
742 916 818 983 illic
830 921 956 986 erimus
970 968 980 1000 ‚
1004 944 1107 1009 quam
1119 937 1169 989 tu.

764 1055 815 1098 es.
841 1034 946 1100 Abite
960 1059 1040 1124 ergo
1056 1041 1169 1106 ocius·

255 1146 427 1234 Quicquid
449 1149 572 1212 incerti
593 1147 679 1212 mihi
700 1150 737 1213 in
759 1151 1002 1236 unimoprius‚
1026 1166 1169 1220 eut-um-

918 1264 1061 1351 biguum
1072 1268 1168 1346 fuit,
1189 1310 1194 1321 ·

186 1384 242 1445 70.
256 1376 353 1444 Nunc
364 1376 486 1466 liquet,
501 1398 588 1442 nunc
601 1376 809 1444 defaecatum
822 1391 874 1445 est
887 1400 896 1446 t
908 1401 966 1444 cor
975 1379 1064 1446 mihi
1075 1374 1167 1450 nunc

946 1499 1164 1583 pervium’et.

255 1607 382 1673 Omnes
405 1607 540 1672 ordines
552 1605 616 1671 uub
628 1608 739 1694 tignis
753 1607 1033 1695 ducamlegionos
1045 1633 1163 1695 meas,

253 1724 322 1789 Avi
333 1724 487 1801 sinistra,
501 1724 653 1808 auspicio
664 1701 913 1811 liquido‚ntque
925 1747 968 1790 ex
981 1731 1173 1797 sententiat.

270 1919 312 1970 70.
330 1933 403 1968 nunc
415 1917 534 1982 porciae.
569 1992 575 2010 ἱ

181 2087 354 2170 servorum)
372 2105 465 2165 quam
484 2085 523 2146 de
540 2085 673 2147 fallaciis
691 2086 809 2147 dicitur
827 2087 910 2166 apud
929 2086 1092 2151 Plautum:
1118 2091 1163 2150 cd·

180 2199 274 2260 Poen.
296 2200 326 2271 1,
355 2197 391 2269 3,
421 2196 475 2255 16:

318 2303 389 2364 Jom
406 2313 437 2361 et
453 2305 645 2362 oruamentie
662 2303 738 2362 meio
758 2313 788 2361 ct
805 2303 1016 2384 sycophantiis

322 2411 420 2471 Tuum
438 2409 591 2469 exornabo
608 2410 758 2472 uillicum.

178 2521 296 2597 Quibus
320 2518 415 2580 rebus
438 2518 532 2579 Simia
556 2526 636 2577 esset
655 2517 848 2592 onerandus,
879 2519 1020 2581 videmus
1038 2541 1084 2583 vs.
1102 2524 1151 2586 tn

217 2627 268 2689 Vs.
299 2629 347 2687 70.
367 2626 530 2708 porcium:
555 2624 622 2685 Mss.
643 2634 676 2685 et
695 2626 787 2687 editt.
807 2635 885 2688 vett.
906 2628 973 2688 fero
986 2631 1151 2711 porciam:

176 2746 347 2813 utrumque
380 2743 467 2795 recte
494 2733 630 2794 dicitur:
667 2734 707 2795 ci.
728 2734 799 2795 Aul.
820 2736 849 2797 3.
867 2737 897 2796 2.
916 2737 966 2797 214.
1010 2737 1153 2801 Moncutc

175 2845 227 2906 Cd
246 2842 339 2905 Acad.
358 2841 470 2923 procul
485 2841 582 2904 dubio
598 2843 643 2903 sic
667 2843 943 2924 distinguendum:

214 2953 307 3014 Nunc
326 2952 521 3032 defaecatum
540 2962 587 3010 eet
604 2972 656 3012 cor
674 2952 772 3012 mitt.-
801 2974 885 3014 nunc
897 2956 1095 3037 perviomfftt.
1171 3012 1181 3025 ,

217 3062 268 3122 Vc.
290 3064 338 3123 71.
359 3061 506 3128 ordinet:
531 3061 702 3122 Boxhornii
723 3063 847 3138 ordine,
869 3063 1009 3140 quamvis
1026 3075 1154 3126 senten·

178 3175 240 3235 tiae
265 3173 327 3233 loci
354 3172 470 3253 optimc
497 3172 649 3247 consulit,
688 3191 744 3253 pcr
771 3182 907 3233 metrum
931 3172 1067 3254 probare
1091 3195 1155 3236 non

177 3283 263 3345 licet.
316 3281 416 3342 Sicuti
440 3280 508 3359 huj.
536 3280 598 3341 sah.
624 3281 652 3341 2.
681 3281 707 3340 1.
736 3283 769 3356 5,
798 3280 851 3342 hic
874 3299 1000 3358 quoque
1017 3281 1155 3362 loqiooet

176 3412 259 3451 meae
283 3411 340 3471 pcr
365 3389 534 3469 asyndeton
548 3389 729 3468 junguntur
747 3388 927 3464 ordinibus,
955 3407 1018 3465 quo
1036 3389 1156 3451 ulteri-

176 3517 213 3559 us
237 3498 376 3561 declaret
401 3505 493 3580 po'e'tu
519 3498 596 3577 quid
614 3499 702 3560 velit.
746 3498 797 3559 Sic
815 3498 893 3560 solet
911 3498 945 3558 in
961 3498 1155 3579 metaphoris

175 3617 385 3688 spectatorum
425 3608 567 3672 tarditati
612 3608 789 3671 subvenire.
842 3607 934 3669 ‘Nihil
965 3607 1158 3671 mutandum·

175 3736 295 3777 censeo.
1019 3801 1022 3809 Ι
1141 3768 1144 3773 .

214 3826 264 3887 Vs.
284 3827 332 3887 72.
353 3827 406 3886 aci
421 3828 561 3891 sinistro.
593 3830 643 3891 sic
660 3828 748 3911 Epid.
767 3829 806 3903 2,
824 3829 857 3901 2,
880 3827 894 3886 l
904 3872 913 3900 ,
935 3825 991 3886 ubi
1006 3826 1146 3909 interpr.¹

172 3937 301 4009 docent,
340 3955 437 4017 quare
463 3938 587 4001 sinistra
613 3939 761 4002 dicantur
775 3939 898 4017 focato.
939 3934 1055 3996 Verum
1073 3935 1152 3998 licet

174 4045 235 4108 Cic.
260 4064 386 4127 quoque
403 4044 443 4107 de
459 4043 528 4113 Div.
547 4046 589 4109 ΙΙ.
608 4047 664 4123 39,
693 4046 842 4113 Romanis
861 4045 1009 4118 sinistro,
1037 4043 1149 4143 Grcjie
