2670 5146
737 387 790 462 52

343 628 441 704 Nune
463 632 544 698 adeo
567 629 630 694 hoe
652 629 778 693 faetum
790 639 843 692 eat
855 636 1048 712 optumum,
1073 636 1109 690 ut
1120 627 1264 692 uomina

811 763 975 830 quamque
988 739 1154 828 appellem
1167 762 1232 806 auo
1245 763 1257 818 3

341 865 395 934 Ne
407 865 534 929 'dietum
549 881 626 926 eme
639 868 787 923 actutum
799 855 869 921 eibi
881 857 1057 943 quaepiam
1065 865 1260 920 vostrarum

513 974 601 1040 mihi
612 985 725 1060 neget.
749 970 928 1037 Advortite
942 973 1089 1035 animum
1100 983 1257 1037 cunetae.

340 1094 514 1178 Principio
528 1137 539 1170 ‚
553 1087 739 1173 Hedylium
752 1133 764 1167 ,
778 1097 888 1152 tecum
899 1108 984 1173 ago,
999 1108 1084 1175 quae
1095 1089 1205 1152 amica
1216 1109 1255 1153 es

992 1203 1226 1268 frumentariis
1241 1248 1253 1283 ,

277 1325 331 1393 55.
345 1322 477 1402 Quibus
501 1321 632 1387 eunetis
646 1330 775 1384 montes
786 1318 939 1384 maxumi
950 1316 1065 1382 acervi
1089 1313 1256 1383 frumenti

1049 1444 1128 1497 suut
1140 1432 1252 1500 domi:
1264 1478 1268 1485 -

339 1557 406 1622 Fae
420 1555 470 1620 siu
481 1554 529 1618 ait
541 1549 687 1617 delatum
699 1547 764 1615 hue
775 1546 861 1614 mihi
872 1546 1179 1627 frumentum,huue
1193 1570 1254 1614 an·

513 1744 514 1751 ¹
965 1684 1045 1728 num
1066 1665 1153 1750 quod
1165 1665 1253 1731 satis

339 1783 455 1864 Mihi,
479 1786 581 1849 etiam
593 1780 745 1846 familiae
756 1782 847 1846 omui
859 1781 905 1846 ait
916 1799 1010 1845 meae
1025 1803 1033 1846 ε
1057 1792 1155 1865 atque
1168 1780 1253 1847 adeo

866 1906 903 1960 ut
915 1896 1080 1962 frumento
1093 1893 1248 1979 affluam,

340 2013 389 2083 Ut
401 2015 523 2081 civitae
535 2032 654 2078 nemen
664 1993 751 2077 mihi
762 2023 940 2077 commutet
952 2057 963 2090 ‚
975 2031 1094 2100 meque
1105 2024 1143 2077 ut
1153 2033 1249 2099 prae-

1156 2127 1250 2194 (lieet

276 2333 336 2394 ate
352 2351 397 2391 vs.
417 2328 665 2432 31),·intestina
688 2329 895 2404 madefacitis,
926 2349 984 2410 ego
1012 2330 1063 2391 iio
1080 2329 1164 2411 apud
1180 2351 1247 2406 me,

276 2440 360 2502 domi
378 2439 478 2500 siccus
496 2457 577 2512 sum,
606 2436 689 2498 nihil
707 2438 827 2519 accipio
844 2439 883 2499 de
903 2438 977 2499 vino
994 2439 1064 2500 iate.

316 2548 367 2609 Vs.
390 2548 439 2609 52.
453 2548 577 2626 suetum
605 2556 778 2628 optumum.-
803 2555 890 2607 reete
908 2546 968 2608 hoe
991 2547 1031 2608 ab
1048 2548 1120 2610 inu.
1140 2548 1246 2610 vindi-

276 2665 383 2729 catur,
423 2663 456 2715 et
481 2653 607 2732 quidem
632 2654 799 2735 praecipue
816 2675 874 2735 ope
891 2655 1058 2728 formulae,
1084 2656 1118 2733 in
1136 2655 1249 2720 edictis

275 2765 399 2836 obviae,
432 2763 471 2822 de
499 2781 560 2839 qua
582 2762 653 2822 vide
680 2763 752 2824 intt.
773 2764 812 2825 ad
829 2764 921 2825 Poeu.
942 2765 1022 2826 Prol.
1044 2765 1096 2826 16:
1123 2764 1178 2826 sed
1194 2766 1245 2828 in·

273 2882 338 2936 star
353 2872 491 2934 omnium
510 2879 557 2932 eat
574 2871 667 2933 Brisa.
687 2873 726 2932 de
744 2872 843 2934 Form.
864 2873 923 2934 III.
944 2874 971 2934 1.

315 2982 365 3043 Vs.
387 2982 435 3043 53.
458 2981 621 3063 quaepiam
636 2991 827 3055 vostrarum,
849 2981 897 3042 eff.
916 2999 997 3060 quae
1013 2981 1244 3064 deusuprouo·

275 3091 394 3151 minum
411 3090 587 3151 dictasunt
604 3087 644 3150 ad
663 3090 691 3150 1.
713 3090 740 3150 1.
763 3089 849 3150 1-t,

316 3197 366 3259 Va.
388 3199 437 3260 55.
463 3207 580 3256 montes
606 3198 745 3257 maxumi
769 3199 895 3259 acervi:
924 3198 1018 3260 sicuti
1043 3217 1149 3260 veram
1170 3201 1244 3260 vul-

274 3327 314 3386 go
334 3306 468 3386 legitur,
503 3314 609 3366 metuo
635 3313 711 3368 uta
736 3305 838 3368 Plauti
864 3324 958 3368 manu
974 3306 1033 3367 sit:
1060 3324 1120 3368 vox
1138 3311 1246 3369 aearet’

273 3414 325 3474 vel
349 3414 444 3473 etiam
468 3412 595 3474 maximi
615 3414 720 3474 acerui
737 3433 774 3474 ex
792 3415 1053 3496 interpretatione
1070 3424 1153 3490 orta,
1182 3417 1247 3479 alia

274 3521 371 3583 verba
394 3521 466 3581 aede
490 3540 545 3585 sua
569 3521 723 3603 expulisse
740 3523 903 3586 videntur:
926 3524 1003 3599 imo,
1029 3524 1090 3584 nisi
1107 3533 1245 3586 metrum

274 3637 413 3703 vetaret,
452 3630 577 3693 omnino
599 3631 788 3711 ejiciendum
813 3653 969 3694 censerem
992 3633 1113 3705 acerui,
1147 3632 1246 3714 ipsius

274 3735 377 3798 Plauti
402 3740 606 3814 auctoritate,
645 3741 700 3817 qui
728 3739 815 3822 Epid.
846 3741 873 3801 1.
905 3741 932 3801 1.
963 3741 1000 3802 78
1026 3749 1143 3800 montes
1168 3739 1246 3800 muli

273 3843 370 3920 dixit,
404 3845 489 3907 Most.
509 3848 538 3908 2.
558 3848 585 3908 1.
604 3851 623 3911 5
640 3849 716 3909 mali
732 3850 879 3909 moeroris
897 3859 1028 3911 mentem
1045 3867 1246 3910 maxumum:

273 3953 314 4016 ef.
334 3953 396 4016 ttil.
416 3956 445 4018 t.
466 3956 494 4017 2.
514 3957 565 4030 73,
597 3966 629 4018 et
646 3957 738 4021 Mare.
757 3957 788 4021 3.
808 3958 837 4021 i.
857 3958 906 4019 32.
