2670 5146
624 393 701 468 185

246 633 461 722 Consequere
472 635 547 699 hae·
571 655 615 699 st.
628 635 701 722 Ego
712 636 816 700 istum
827 639 987 705 onerem?
1003 641 1055 707 rs.
1068 641 1159 710 One·

328 748 434 828 rabis,
446 750 530 814 seio.
555 770 598 814 ar.
613 747 704 825 Quid
717 774 779 838 ego
789 751 869 818 huie
881 753 1009 820 homiui
1020 757 1158 824 facienti

247 865 358 930 Satin'·
371 863 460 930 ultro
474 877 509 930 et
519 877 694 953 argentum
706 868 831 948 aufert,
845 882 878 934 et
889 890 942 935 me
950 873 1071 946 irridet
1082 873 1096 937 i
1109 898 1160 942 rs.

467 979 543 1048 Vae
553 983 658 1047 vietis
672 982 681 1046 i
707 981 870 1049 s1.·Vorte
881 1007 960 1073 ergo
972 985 1156 1055 humerum.

178 1103 234 1164 20.
247 1097 358 1163 Hem!
393 1096 455 1163 hoo
477 1121 539 1185 ego
564 1118 732 1185 nunquam
744 1112 837 1165 ratus
851 1122 949 1179 sum,
974 1104 1046 1169 fore
1057 1126 1110 1171 me
1121 1120 1158 1171 ut

793 1215 859 1281 tibi
870 1215 986 1283 fierem
999 1218 1158 1307 supplex.

247 1445 286 1496 18.
308 1458 474 1508 consequere.
501 1419 560 1491 sm.
580 1450 611 1492 ot
637 1459 659 1500 e,
684 1446 704 1494 ι’.
731 1461 756 1496 o.
795 1446 835 1496 la.
855 1449 948 1495 statim
965 1463 992 1496 u.
1013 1463 1036 1498 e.
1059 1463 1085 1499 e.
1104 1465 1154 1500 ou-

290 1539 369 1609 ·feret
385 1563 418 1575 -
435 1553 484 1588 aee
500 1537 580 1588 mitt.

176 1720 272 1792 eitur.
329 1719 461 1787 Ballioni
501 1719 638 1798 denique
671 1721 761 1782 nulla
789 1731 925 1803 potestas
955 1726 988 1783 in
1015 1727 1158 1787 Pseudoli

180 1832 319 1908 tergum,
346 1827 431 1905 quod
447 1847 492 1910 γε.
511 1828 551 1888 26
565 1828 694 1907 legitur.

219 1936 313 1998 Plura
339 1936 383 1996 sie
410 1936 698 2014 deinceps'seenae
718 1938 954 2012 constitutioni,
987 1941 1069 2001 siout
1088 1944 1160 2003 rul-

179 2065 220 2126 go
240 2044 358 2119 fertur,
391 2044 489 2123 objiei
508 2054 647 2124 possunt.
691 2045 770 2106 Haec
791 2064 866 2105 vero
887 2046 1059 2121 sufficiunt,
1092 2051 1160 2130 opi·

183 2174 261 2228 nor,
307 2161 343 2213 ut
382 2162 521 2215 statuere
550 2154 661 2226 lieeat,
702 2173 866 2234 perperam
893 2154 1000 2215 lenoni
1029 2156 1161 2219 Simonis

181 2273 287 2345 partes
307 2281 375 2322 esse
393 2262 538 2322 tributas.

218 2372 268 2432 Vs.
304 2372 352 2432 18.
375 2391 427 2451 eqo
447 2372 541 2430 istum
562 2371 713 2431 onerem?
744 2372 797 2432 Cd.
820 2372 914 2433 need.
937 2374 1158 2437 auctoritatem
1239 2453 1242 2460 ¹

178 2481 323 2562 sequitur
344 2480 450 2561 Steph.
472 2512 514 2525 —
534 2480 612 2560 quid
630 2500 683 2560 eqo
704 2480 777 2540 hoie
798 2481 917 2541 homini
928 2483 1072 2562 faeiem:
1100 2484 1160 2544 du·

181 2591 251 2650 hius
278 2589 388 2650 haeret
419 2589 518 2665 Simo,
551 2599 657 2650 utrum
678 2609 796 2655 morem
815 2601 905 2670 gerat
924 2610 1031 2667 servo,
1063 2602 1159 2676 atque

178 2699 304 2778 argenti
332 2719 418 2779 spem
443 2708 562 2773 servet,
593 2720 633 2761 an
661 2701 795 2761 saeviter
815 2701 963 2763 audacem
983 2701 1160 2781 nequitiam
1256 2701 1263 2730 ²

177 2808 329 2888 excipiat:
352 2808 394 2869 ef.
415 2830 459 2868 vs.
482 2810 511 2869 3.
551 2808 695 2870 Alterum
706 2809 845 2890 insignis
866 2827 942 2890 erga
961 2810 1075 2872 herum
1094 2812 1151 2872 im·

175 2916 343 2996 pudentiae
363 2917 539 2997 exemplum
559 2927 607 2977 est
625 2918 660 2976 in
681 2920 745 2980 Ces.
767 2919 796 2978 3.
820 2919 848 2978 θ.
937 2933 939 2937 ’

216 3025 267 3085 Vs.
308 3026 355 3086 19.
395 3025 513 3085 satie':
548 3025 587 3086 ab
624 3024 683 3087 hae
721 3027 834 3087 voeula
864 3026 949 3090 haud
977 3047 1048 3088 raro
1076 3029 1159 3108 apud

177 3135 322 3196 Plautum
352 3134 520 3196 ordiuntur
548 3133 615 3208 illi,
655 3136 710 3215 qui
739 3134 960 3195 contumeliam
987 3155 1080 3215 aegre
1107 3137 1155 3197 ie-

176 3253 296 3315 rentes‚
331 3244 427 3304 taeite
446 3242 606 3324 quaedam
617 3243 784 3324 proferunt
803 3243 1020 3324 indignatione
1041 3264 1155 3306 aeeon-

177 3353 220 3412 si:
252 3352 293 3412 ei.
324 3351 411 3413 Most.
436 3352 462 3412 l.
487 3354 514 3413 1.
538 3354 595 3430 73;
626 3352 740 3414 iiiia
763 3355 791 3414 6.
816 3353 960 3415 talibi:
993 3354 1081 3434 signo
1100 3356 1155 3418 ad·
1217 3421 1218 3425 ,

176 3459 350 3521 mirationis
379 3459 536 3541 adposito,
569 3482 587 3522 a
616 3461 693 3523 loeis
718 3461 782 3522 illis
803 3460 920 3541 optime
940 3461 1081 3522 abesset:
1112 3463 1154 3525 es.

178 3569 263 3629 Trin.
286 3570 314 3630 i.
337 3570 366 3630 3.
389 3571 418 3631 6.
459 3571 546 3632 Hune
566 3571 669 3632 loeum
690 3571 735 3631 sie
754 3577 876 3631 vertas:
899 3569 1151 3632 intolerandum!

179 3676 266 3738 ultro
296 3676 434 3741 delatum
455 3689 621 3760 argentum
640 3680 761 3754 aufert,
794 3679 927 3760 accipit,
960 3689 994 3740 et
1013 3695 1063 3741 me
1083 3681 1157 3740 irri·

180 3784 254 3846 det!
293 3786 340 3847 Ad
370 3787 453 3869 quod
482 3788 650 3850 Pseudolus
669 3810 726 3849 vae
746 3789 859 3849 vietis!
888 3789 1059 3866 exclamat;
1090 3789 1158 3849 vie·

178 3902 224 3954 tos
251 3897 343 3974 queri
369 3917 433 3959 nou
463 3907 602 3979 oportet,
644 3898 932 3960 immisericorditer
961 3917 1065 3958 seeum
1093 3896 1154 3975 effi.

218 4001 269 4064 Vs.
290 4003 339 4064 20.
363 4007 454 4084 sore,
486 4027 533 4066 me
553 4016 609 4067 ut:
639 4006 747 4088 steph.
769 4005 887 4069 omittit
906 4026 963 4066 me.
1063 4045 1066 4053 -

984 4115 1028 4179 24
