2670 5146
618 371 693 447 165

257 614 289 681 N
292 638 342 681 am
354 612 447 680 illam
459 609 636 698 epistolam
655 613 752 697 ipsus
764 631 862 677 verus
876 613 1014 700 Harpax
1026 613 1090 681 huc
1102 616 1144 680 ed

955 730 1149 797 meattulit.

260 870 317 913 rm.
342 846 483 930 Harpax
497 864 558 928 ego
569 863 688 906 vocor:
704 862 764 928 ego
779 863 893 907 servos
907 864 980 908 sum
991 844 1149 911 Macedo·

933 960 986 1024 nis
997 960 1122 1027 militis
1137 986 1145 1027 :

174 1085 251 1147 110.
260 1079 332 1166 Ego
342 1098 403 1141 nec
417 1072 936 1160 sycophantiose·quiequam·ago
949 1120 959 1153 ,
972 1096 1032 1141 nec
1043 1074 1147 1155 male.

1058 1191 1123 1258 fico
1137 1241 1146 1273 ,

263 1306 379 1394 Neque
403 1308 506 1370 istum
526 1302 730 1368 Pseudolum
743 1303 894 1370 mortalis
907 1309 966 1394 qui
985 1309 1034 1372 sit
1045 1312 1149 1388 novi,

947 1444 1054 1509 neque
1066 1428 1151 1489 scio.

263 1563 306 1605 ιι.
330 1536 407 1614 Tu,
430 1535 703 1613 nisimirum’st,
727 1533 829 1613 leno,
853 1533 951 1621 plane
968 1538 1151 1622 perdidisti

964 1649 1150 1719 mulierem.

177 1917 211 1974 in
240 1932 275 1972 re
294 1912 421 1972 haeret:
455 1909 559 1969 statim
579 1907 746 1986 respondet
768 1908 856 1985 Syro.
898 1908 1029 1986 Egregie
1049 1912 1152 1971 onmia

176 2020 420 2083 meditati-sunt
447 2025 548 2078 antea.
590 2015 697 2095 Nepae
724 2015 784 2074 hoc
813 2033 906 2075 versu
926 2025 999 2076 sunt
1019 2029 1149 2097 euporo·
1203 2093 1205 2101 Α

179 2131 245 2189 aa
267 2103 380 2198 acea
400 2124 487 2184 run.
509 2124 537 2184 a.
560 2123 588 2183 2.
611 2122 645 2195 2,
678 2123 699 2182 i.
721 2142 749 2182 a.
771 2122 932 2184 fallaciae:
962 2124 1005 2184 aa
1026 2120 1095 2185 Aur.
1119 2128 1147 2187 5.

180 2257 225 2299 vs.
249 2236 286 2294 19
306 2253 407 2313 capae
426 2229 704 2312 pro'commeatr‘rp
731 2231 822 2291 Truc.
844 2231 873 2291 i.
895 2230 924 2291 d.
947 2232 965 2290 8
984 2250 1041 2310 pro
1060 2231 1150 2292 blare·

179 2344 268 2404 ditiis
289 2340 481 2422 saltandum
512 2336 600 2418 Epid.
623 2339 653 2398 3.
675 2337 705 2398 d.
726 2339 765 2398 c2
786 2340 902 2418 rraqori
918 2359 975 2418 pro
993 2340 1147 2423 decipere,

177 2451 422 2521 circumducere,
452 2455 484 2506 et
505 2444 625 2525 saepius
646 2455 779 2526 eupator
798 2447 1004 2527 sycophantae
1027 2450 1149 2531 epithe-

179 2568 233 2621 ton
260 2556 419 2636 adjicitur.
473 2553 553 2616 Haec
583 2553 669 2616 vocis
696 2553 796 2613 notio
810 2553 973 2630 hucusque
993 2556 1032 2618 ab
1051 2556 1150 2617 inter-

177 2661 567 2745 pretibuspraetermissa.
589 2680 590 2685 ¹
1234 2648 1236 2652 ⁴

216 2772 375 2843 Alterum,
399 2768 484 2847 quod
502 2769 616 2830 mirum
637 2768 780 2830 accidere
799 2769 924 2845 debuit,
947 2780 995 2832 est
1008 2773 1153 2834 meditari

158 2890 160 2895 '
179 2881 285 2942 dativo
301 2879 469 2957 junctum:
499 2876 583 2954 quod
604 2895 700 2953 quum
721 2897 824 2939 omnes
845 2878 912 2939 Mes.
934 2889 1058 2956 tenent,
1089 2900 1152 2943 non

177 2987 362 3049 mutandum
381 2995 459 3066 puto
477 2985 512 3045 in
533 3005 643 3065 πωροι.
686 2987 761 3048 Nam
782 3007 891 3048 curare
912 3008 970 3067 pro
985 2991 1168 3069 procidere-

178 3096 248 3177 pari
275 3095 366 3155 modo
397 3094 479 3174 apud
499 3093 643 3155 Plautum
663 3113 726 3155 non
747 3095 842 3155 semel
861 3094 966 3156 dativo
982 3096 1148 3174 jungitur:

179 3202 324 3264 similiter
352 3202 458 3261 cidere
487 3220 544 3280 pro
560 3202 726 3283 providere
746 3199 826 3282 apud
849 3202 918 3273 Cios
932 3213 966 3262 et
984 3203 1079 3264 alios:
1109 3204 1150 3266 cf.

145 3300 148 3305 Δ
182 3331 212 3371 v.
235 3332 262 3372 c.
285 3310 372 3373 Kort.
394 3309 433 3370 ad
452 3310 505 3387 Ep.
526 3308 565 3371 ad
582 3310 650 3370 niv.
672 3309 715 3370 ΙΙ.
739 3311 785 3370 16.
808 3319 889 3373 extr.
930 3310 990 3371 Sed
1009 3311 1094 3389 quod
1112 3314 1151 3375 ad

176 3417 393 3498 sustinendam
413 3418 590 3497 opinionem
608 3437 708 3480 meam
727 3420 852 3499 egregia
867 3419 959 3493 facit,
985 3429 1045 3495 est,
1069 3422 1153 3499 quod
1260 3497 1263 3500 Ι

181 3527 394 3607 compluribus
419 3526 496 3587 locis
525 3527 676 3605 scriptum
705 3526 836 3605 legimus
866 3527 1011 3586 meditari
1031 3529 1072 3588 od
1092 3529 1149 3589 oli·

182 3637 273 3717 quid,
314 3646 346 3696 et
376 3635 473 3697 Stich.
503 3637 538 3709 2,
574 3636 607 3709 1,
641 3636 680 3696 ac
710 3636 855 3695 meditari
884 3657 915 3694 aa
945 3637 985 3696 od
1013 3637 1147 3718 aliquid,

184 3744 291 3804 eadem
328 3744 554 3824 significatione
572 3734 583 3803 ε’
615 3742 698 3805 haud
735 3763 821 3804 secus
849 3763 884 3804 ac
913 3744 996 3824 apud
1024 3746 1153 3825 optimos

185 3852 351 3931 scriptores
370 3853 541 3933 reperimus
562 3872 682 3934 operam
703 3853 793 3926 dore,
827 3852 949 3912 atudore
971 3853 1065 3912 alicui
1085 3851 1147 3920 rei,

184 3968 219 4019 et
237 3981 358 4041 operam
379 3963 450 4025 dore
471 3962 512 4021 cd
531 3961 665 4040 aliquid,
699 3962 821 4023 studere
841 3961 968 4040 aliquid.
