2670 5146
705 403 760 477 ta

301 675 352 719 rs.
378 650 469 728 Quid
489 644 674 737 properati
698 643 843 733 placide.
878 666 933 712 ca.
948 632 1005 714 'At
1015 650 1219 743 priusquam

1103 767 1218 837 abeat.

301 904 357 950 nt.
383 880 480 960 Quod
491 881 554 945 hoc
565 877 688 943 malum
700 875 715 940 l
729 889 796 941 tam
807 874 1008 964 placideis,
1031 900 1149 966 puere-

234 1000 289 1066 15.
300 996 413 1064 Hodie
425 1006 501 1060 nate
514 993 597 1058 heus
612 1038 623 1071 ‚
637 990 738 1056 hodie
749 1003 847 1070 uate,
862 991 928 1057 tibi
942 1016 1003 1081 ego
1015 995 1091 1062 dico
1106 1043 1116 1077 ,
1129 997 1218 1066 heus

866 1107 968 1174 hodie
979 1123 1056 1177 nate
1069 1159 1080 1192 ‚
1092 1114 1168 1180 redi
1182 1130 1221 1183 et

301 1226 447 1312 Respice
469 1223 511 1290 ad
533 1245 617 1302 nos,
643 1225 998 1311 tametsioccupatus,
1023 1248 1216 1313 moramur,

838 1360 957 1407 mane:
972 1354 1053 1406 sunt
1066 1343 1221 1435 colloqui

302 1455 369 1535 Qui
383 1452 559 1523 voluntte.
572 1474 628 1520 es.
643 1452 735 1529 Quid
745 1453 808 1519 hoc
820 1452 888 1520 esti
902 1456 978 1542 quis
991 1468 1055 1537 est,
1071 1462 1130 1546 qni
1141 1481 1214 1527 mo.

615 1591 686 1635 ram
697 1581 856 1656 occupato
868 1567 1045 1645 molestam
1056 1572 1183 1641 obtulit
1194 1575 1212 1640 ‘l

305 1773 346 1823 13.
382 1770 488 1823 iubeat.
523 1770 564 1821 14.
588 1769 732 1836 placidus,
754 1786 787 1836 p.
831 1771 874 1825 15.
898 1769 992 1823 absum
1016 1775 1126 1842 repetita
1149 1775 1219 1827 ioue

407 1867 486 1917 leodic
501 1871 575 1916 cote.
612 1865 653 1917 16.
672 1871 712 1915 eet
728 1864 790 1918 coll.

233 2070 324 2111 cocos
361 2046 514 2110 Pseudolo
541 2045 727 2108 tribuenda:
764 2047 841 2128 quid
859 2047 1036 2130 properos?
1070 2048 1213 2132 placide:

232 2156 375 2221 Calidoro
409 2154 489 2216 dicit
521 2173 648 2229 servus,
687 2174 748 2216 nec
783 2154 907 2229 lenoni,
956 2165 1044 2216 recte
1079 2176 1210 2219 monen-

232 2274 265 2324 te
292 2261 452 2324 Lambino.
494 2260 588 2340 lingis
613 2260 745 2322 arduum
768 2261 898 2323 fortasse
925 2262 987 2323 erit
1003 2265 1209 2344 persuadere,

232 2371 313 2452 quod
347 2369 403 2430 hoc
433 2368 549 2428 malum
574 2368 676 2431 danda
695 2389 761 2449 esse
789 2370 953 2445 Pseudolo,
986 2371 1099 2433 herum
1121 2359 1214 2434 festiss·

230 2486 370 2539 nantem·
386 2476 578 2558 increpanti,
616 2476 701 2559 quod
726 2497 791 2538 non
816 2487 912 2554 esset,
945 2499 1004 2540 cur
1018 2480 1078 2542 hoc
1093 2480 1211 2543 malum

232 2585 357 2659 credat,
397 2584 543 2645 lenonem
568 2585 666 2647 abire.
713 2586 801 2665 Quod
826 2607 884 2668 pro
905 2598 1033 2670 propter
1057 2590 1137 2668 quod
1158 2591 1212 2652 vel

229 2714 287 2755 eur
303 2693 543 2755 'usitatissimum
567 2694 601 2753 in
625 2693 674 2754 his
698 2694 832 2756 fabulis:
864 2695 890 2756 si
914 2705 1024 2758 contra
1037 2696 1144 2758 eadem
1158 2696 1208 2759 le-

232 2822 274 2863 no
292 2801 386 2873 dicit,
418 2799 498 2860 mihi
516 2800 643 2881 quidem
661 2802 784 2863 nullum
801 2822 923 2863 sensum
943 2803 1105 2884 praebent.
1147 2803 1208 2865 De·

230 2909 328 2988 nique
352 2925 559 2987 quaecuuque
588 2909 723 2971 15-17
749 2910 917 2984 Pseudolus
943 2911 1123 2991 usurpavit,
1150 2912 1207 2975 Ca·

228 3016 331 3079 lidoro
355 3016 515 3079 reddenda
540 3037 667 3079 censeo:
699 3017 816 3099 quippe
839 3034 921 3094 quae
947 3037 1011 3078 non
1034 3026 1107 3078 sunt
1124 3021 1207 3082 servi

229 3125 358 3209 superbi
383 3134 479 3208 atque
500 3126 676 3206 magnifici,
707 3125 762 3186 sed
789 3126 993 3188 adolescentis
1011 3146 1114 3189 amore
1131 3147 1204 3209 per·

229 3235 287 3296 citi
308 3244 403 3312 atque
429 3228 576 3312 inquieti.

268 3342 320 3404 Vs.
343 3342 390 3403 16.
413 3354 594 3426 occupatus,
630 3343 800 3404 rectissime
825 3351 935 3404 contra
950 3341 1132 3403 Lambinum
1147 3340 1204 3421 de·

228 3449 387 3523 tenditur,
417 3453 544 3532 egregie
569 3452 749 3514 Plautinum
773 3450 857 3514 illud
879 3459 1069 3524 mutantem,
1099 3460 1132 3511 et
1154 3452 1202 3512 le·

227 3568 355 3638 gentem
377 3551 565 3640 occupatum.

269 3664 321 3727 Vs.
354 3667 401 3727 17.
433 3686 548 3728 merom
574 3669 704 3745 obtulit5
730 3669 835 3754 offerri
864 3668 1015 3730 dicuntur
1031 3676 1065 3728 in
1081 3675 1201 3729 utram·

228 3791 291 3853 que
324 3782 446 3854 partem
484 3783 548 3837 tam
582 3778 676 3853 hona,
720 3795 813 3857 quam
847 3776 945 3850 malo,
985 3792 1202 3853 quaecumque

227 3882 491 3964 exspectationem
508 3888 734 3966 praeveniunt:
761 3886 810 3948 eff.
839 3884 949 3946 Donat.
972 3883 1011 3944 nd
1039 3884 1108 3945 Ter.
1126 3883 1201 3945 lice.

228 3990 265 4066 3,
295 3989 327 4066 3,
366 3990 420 4066 10,
454 4001 487 4054 et
513 3990 671 4058 Westerh.
700 3993 739 4058 ad
765 3995 838 4055 lice.
867 3995 903 4068 5,
930 3991 964 4064 l,
994 3990 1040 4053 13.
