2670 5146
610 349 687 428 114

235 601 275 673 si
298 597 468 687 quispiam
491 592 572 670 (let,
597 591 678 678 quoi
699 608 816 665 manus
840 592 975 675 gravior
997 595 1096 674 riet,

174 722 230 785 20.
242 713 441 799 Quanquam
464 704 552 773 illud
574 709 670 792 ajunt
691 724 811 790 magno
833 706 960 791 gemitu
979 703 1090 789 fieri,

237 827 466 915 Comprimere
489 820 607 886 denter
630 820 748 886 videor
768 841 869 905 posse
896 818 1159 910 aliquomodo:

239 942 308 1011 Sed
329 935 579 1025 comprimenda
602 946 655 999 est
677 934 764 999 mihi
786 956 857 999 vox
879 948 981 1023 atque
1001 938 1139 1019 oratio,

240 1059 354 1126 Herus
367 1073 482 1121 ereum
494 1051 619 1138 recipit
631 1071 671 1116 se
682 1049 836 1130 domum,
851 1061 885 1114 et
897 1050 992 1116 ducit
1003 1075 1158 1140 coquom.

281 1327 436 1399 AcrUs
459 1326 622 1397 'rssssrll
647 1323 800 1394 SCENA
824 1325 1057 1397 SECUNDA.

449 1545 600 1603 nermo,
625 1543 759 1603 cocus,
783 1544 888 1590 rure.

242 1730 365 1796 Forum
388 1725 569 1813 nequinum
591 1726 653 1813 qui
673 1736 818 1802 vocant,
842 1722 949 1791 stulte
971 1740 1117 1809 vocent,

242 1840 277 1910 N
278 1864 331 1906 am
342 1862 407 1904 non
421 1841 603 1925 coquinam
614 1852 800 1915 est,verum
812 1840 962 1905 ferinum
976 1842 1161 1911 ostiorum:

248 1956 337 2026 Nem
348 1957 381 2022 ei
394 1976 456 2042 ego
463 1957 600 2040 juratus
612 1957 762 2039 pejorem
774 1951 942 2019 hominem
953 1976 1164 2042 quaererem,

247 2072 399 2163 coquum
410 2090 476 2135 non
487 2069 597 2156 potui,
608 2089 705 2155 quam
717 2067 805 2134 hunc
818 2089 916 2157 quem
930 2069 1165 2156 duco,dueere,

182 2256 355 2324 utcumque
396 2242 478 2304 male
513 2249 622 2302 metuo
653 2259 724 2301 eum
751 2239 892 2301 fructum
917 2240 1104 2319 fullonium,
1145 2246 1171 2306 ri

185 2354 258 2434 quir
283 2362 387 2412 temen
411 2348 466 2408 det
492 2348 671 2430 peculium,
710 2347 795 2408 unde
820 2368 927 2430 parem
954 2349 1032 2410 hero
1056 2370 1172 2413 munus

182 2458 385 2531 natalicium,
405 2455 558 2535 quiequid
576 2455 701 2529 dicant,
733 2455 767 2515 id
786 2476 849 2518 non
869 2457 937 2517 fieri
955 2458 1024 2518 rino
1041 2458 1168 2534 doloro,

81 2574 83 2579 '
187 2586 312 2650 possum
339 2564 513 2638 obdurare,
554 2571 587 2624 et
614 2562 654 2624 ab
683 2583 720 2625 eo
748 2565 833 2644 pati:
873 2565 922 2642 (in
942 2565 1010 2628 Mes.
1032 2569 1119 2629 enim
1141 2577 1174 2631 et

189 2674 282 2738 editt.
300 2672 420 2754 legitur
437 2675 493 2752 qui
512 2689 571 2752 pro
579 2671 748 2733 subditicio
756 2673 853 2756 quoi).
877 2673 982 2736 Manus
991 2694 1029 2735 ex
1038 2689 1175 2757 quaestu

190 2802 302 2864 graves
321 2779 545 2860 intelligendas
565 2798 640 2854 esse,
664 2779 799 2841 ulterius
820 2780 935 2843 docent
954 2783 1023 2845 loca
1042 2804 1061 2846 a
1078 2787 1175 2848 Gron.

192 2900 225 2952 et
245 2890 336 2952 Both.
357 2888 462 2950 allata.
506 2887 567 2948 Sed
586 2888 692 2950 malim
712 2910 781 2949 eum
800 2909 846 2951 vs.
870 2892 908 2951 18
928 2891 968 2952 de
986 2893 1102 2956 lenone
1121 2895 1174 2963 in-

190 2999 311 3080 telligi,
352 3016 416 3058 non
444 2996 485 3057 de
515 2997 624 3059 fructu
644 2997 719 3058 illo:
750 2998 862 3059 melior
881 2999 988 3079 prodit
1006 3003 1178 3066 sententia.

189 3108 290 3190 Aeque
316 3126 375 3189 pro
403 3107 491 3188 atqui
510 3106 621 3167 Plauto
641 3107 802 3168 usitatum.
846 3108 959 3168 Sensus
980 3107 1081 3187 igitur
1102 3119 1173 3172 eet:

192 3237 287 3300 quem
305 3216 355 3277 illi
374 3214 422 3275 rei
442 3214 545 3276 adhue
565 3235 633 3275 sum
651 3214 818 3295 parvulus!
841 3215 944 3295 atqui,
969 3223 1006 3276 ut
1025 3234 1180 3279 nuneve·

190 3325 356 3387 hementer
382 3324 529 3387 lenonem
553 3333 661 3385 metuo
687 3323 798 3386 miser!
827 3321 855 3384 ei
874 3318 1002 3405 (igitur)
1020 3322 1180 3404 quispiam

192 3432 262 3507 det,
286 3439 358 3493 ete.

234 3539 287 3601 Vr.
318 3540 348 3601 i.
371 3559 500 3621 coquum
520 3559 586 3601 non
601 3543 707 3624 potui,
739 3561 797 3623 pro
825 3540 1006 3622 potuissem.
1058 3539 1181 3603 Simili-

199 3653 249 3706 ter
268 3644 356 3707 Most.
377 3647 412 3721 3,
440 3649 475 3723 l,
498 3650 557 3713 rssz
608 3669 770 3730 nunquam
784 3651 918 3732 potuisti
935 3648 1015 3709 mihi

298 3753 400 3835 Maqir
419 3767 610 3839 opportunus
630 3757 778 3820 advenire
798 3778 890 3838 quam
910 3756 1054 3819 advenis:
1213 3792 1216 3799 ·

193 3860 335 3940 hujsah.
357 3862 394 3936 i,
420 3863 447 3936 1,
470 3864 489 3923 9
501 3865 575 3944 suit
593 3885 652 3947 pro
672 3865 801 3946 fuisset;
824 3865 913 3930 alibi.
957 3865 1008 3928 Vr.
1029 3865 1060 3928 3.
1083 3885 1182 3946 quae·

197 3982 298 4034 rerem
314 3990 373 4052 pro
388 3971 619 4050 quaesivissem.
