2670 5146
631 394 707 471 lii
821 435 822 438 ι

249 658 292 700 or.
317 619 433 703 Velim
456 636 590 723 quidam
612 633 738 703 barolo.
773 657 831 703 ιιι.
856 637 950 728 Roga·
960 662 1013 708 mo
1025 646 1151 731 viginti

1024 738 1181 841 minas)

244 866 285 932 Si
306 863 368 932 illo
391 864 491 932 hodio
513 863 575 931 illa
597 867 645 930 rit
666 867 795 953 potitus
817 867 961 937 muliare
973 915 984 950 ‚

181 989 232 1050 10.
246 984 328 1049 Siva
351 1003 422 1048 eam
445 980 728 1067 taogaatohadia
740 1028 752 1062 ‚
777 985 1008 1078 atpromisit,
1033 986 1146 1056 dabit:

243 1096 377 1183 Rogata·
393 1094 509 1162 barolo
530 1095 691 1168 obsecra:
716 1100 828 1185 gestio
848 1102 1069 1186 promittere,

243 1211 408 1278 Omnibus
422 1210 530 1277 modis
549 1210 620 1279 tibi
643 1234 720 1286 oasa
740 1226 811 1284 rom
834 1227 873 1283 nt
894 1213 1146 1292 solvamsolao:
1205 1223 1208 1228 ’

242 1324 356 1414 Atque
378 1327 480 1397 otiam
501 1325 622 1394 habeto
643 1323 820 1398 muliorum
839 1329 927 1400 dona
949 1309 1027 1399 tibi.
1076 1347 1079 1353 ’

243 1464 285 1508 ιι.
308 1438 450 1513 Nullam
461 1441 627 1528 periclum
639 1446 796 1531 estquod
808 1447 929 1526 osiam,
938 1442 1149 1534 stipular-ior.

181 1559 235 1622 15.
247 1554 295 1622 Ut
317 1556 649 1643 oonoopistivarbat
674 1559 800 1646 viginti
822 1562 930 1630 minas
1023 1597 1034 1601 *⁴

127 1789 129 1792 ι
246 1753 286 1803 ll.
306 1751 410 1801 obsecro
428 1750 525 1802 barala.

120 1988 121 1991 ,
177 1932 271 1993 semel
292 1930 419 2011 quidem
438 1931 473 1990 in
492 1930 542 1990 his
562 1929 677 1992 sabulis
697 1930 832 2009 lagitur,
863 1931 973 1991 Plauto
994 1931 1154 2011 antiquius

179 2037 367 2101 censendum
396 2047 452 2097 ost.
505 2039 697 2118 Quamquam
725 2036 779 2098 aba
808 2048 838 2107 to
857 2038 931 2098 iada
951 2055 1010 2119 par
1028 2058 1061 2099 so
1081 2039 1156 2101 satis

179 2146 455 2211 commendationis
482 2144 614 2220 habent,
647 2145 793 2224 quoniam
823 2145 951 2207 Plautus
970 2145 1066 2207 simili
1085 2147 1154 2226 plo·

177 2276 302 2319 onasmo
332 2255 420 2340 Ιιὶιιο4
435 2275 454 2314 a
483 2274 547 2328 ma,
580 2253 639 2313 tuo
660 2253 701 2313 ad
720 2263 757 2326 ta
771 2252 910 2315 scribare
930 2262 1029 2328 amat,
1060 2256 1153 2315 matri

178 2375 282 2428 tamon
319 2361 422 2444 gratia
457 2360 511 2429 hia
546 2356 768 2425 auctoritatem
797 2361 950 2429 Prisciani
975 2358 1057 2447 (Lib.
1078 2361 1156 2422 VIII

176 2495 207 2553 p.
176 2471 306 2553 p792.
338 2469 387 2530 ed.
418 2468 559 2550 Patsoh.)
588 2453 676 2546 sequi
704 2469 802 2544 malo,
844 2470 901 2548 qni
929 2470 1049 2533 omittit
1068 2458 1154 2531 iada.

178 2579 382 2662 Iastipulori,
414 2576 499 2655 quod
527 2576 646 2656 legitur
673 2578 769 2640 otiam
798 2578 878 2641 llud.
911 2580 941 2641 5.
962 2579 993 2643 3.
1015 2579 1069 2653 25,
1099 2597 1157 2659 pro

177 2687 312 2781 simplici
332 2686 496 2788 stipulati,
525 2696 561 2747 at
580 2685 729 2754 inaudite
749 2706 807 2768 pro
828 2688 954 2764 audire,
986 2688 1057 2752 alia.

219 2797 271 2860 Vs.
299 2797 329 2859 9.
358 2797 455 2856 si-
476 2794 562 2856 siae:
591 2793 652 2863 lma
670 2796 840 2871 formulae,
872 2796 1019 2878 propriae
1037 2797 1158 2893 sponsi

178 2884 308 2978 onibus,
340 2912 402 2967 tam
423 2902 457 2964 in
473 2903 549 2982 jure
568 2921 663 2982 quam
682 2913 772 2967 extra
787 2905 858 2984 jus,
890 2896 926 2966 in
945 2888 1158 2986 stipulationi·

177 3015 237 3076 bus
262 3012 445 3093 vulgaribus
472 3012 543 3075 usui
571 3032 635 3079 noa
663 3021 754 3086 sunt,
784 3021 822 3074 ut
850 3021 991 3074 autumat
1011 3011 1158 3076 Gulielm.

180 3121 220 3186 ad
247 3123 337 3184 Caro.
364 3122 398 3183 ·l.
432 3121 459 3182 1.
491 3121 542 3194 t„
560 3121 616 3181 ubi
636 3120 752 3188 iterato
771 3122 800 3181 si
819 3152 860 3165 -
879 3120 945 3187 tivo
965 3141 1006 3167 -ι
1026 3119 1056 3181 ai
1075 3118 1160 3179 nihil

183 3251 253 3293 oum
289 3231 479 3311 sponsione,
523 3227 638 3294 nedum
667 3229 738 3289 oum
766 3227 971 3308 stipulatione
997 3245 1159 3288 commune

112 3406 120 3413 ,
181 3348 238 3400 ost.
290 3339 352 3400 Hoo
381 3339 455 3399 looo
484 3344 607 3410 tamon,
638 3335 834 3417 promissioni
854 3334 984 3414 adjectis
1004 3333 1159 3397 conditio·

181 3448 291 3521 nibus,
324 3445 562 3511 similitudinem
592 3445 968 3527 quandamtspoaiamquo
987 3443 1161 3525 sponsionis

181 3557 342 3637 praebeat.
401 3557 465 3619 lloo
493 3557 563 3617 vult
590 3555 681 3623 lana:
711 3574 786 3635 roga
813 3554 1013 3634 novigenti
1041 3553 1158 3627 minas,

181 3685 261 3747 quas
279 3667 444 3748 promitto,
472 3666 503 3727 si
524 3675 585 3728 ata.

224 3774 274 3836 Vs.
299 3776 346 3838 15.
368 3786 404 3836 at
423 3776 593 3858 ooaoopiiti
613 3775 717 3838 sorbo.
760 3775 840 3837 Olim
860 3792 923 3834 non
943 3773 1071 3853 quasvis
1091 3791 1163 3834 var-

184 3881 225 3943 ba
260 3883 324 3944 vim
356 3882 597 3964 adstringendae
626 3882 826 3964 obligationis
852 3881 1006 3956 habuero,
1046 3879 1101 3940 ssd
1128 3898 1164 3938 oa

187 3989 337 4066 demum,
379 4010 459 4071 quaa
497 3992 645 4056 solemnia
672 4004 763 4059 orant
792 4002 824 4057 st
850 3992 989 4066 directa,
1028 3997 1122 4066 atque
1141 4007 1166 4068 a
