2670 5146
250 684 403 767 Actus
427 682 632 752 SECUNDI
657 682 808 752 SCENA
832 686 997 756 PRIMA.

517 995 727 1042 POEUDOLUB·

134 1264 139 1272 ·
199 1234 264 1300 Pro
274 1232 455 1321 luppiter,
478 1243 516 1296 ut
537 1230 623 1295 mihi
646 1233 810 1318 quicquid
833 1254 896 1318 ego
915 1231 1112 1319 lepideom·
1222 1212 1225 1220 ⁸

617 1348 674 1411 nia
683 1367 909 1436 prospereque
922 1353 1084 1419 eveniunt
1099 1353 1108 1417 !

199 1463 317 1551 Neque
330 1462 419 1551 quod
428 1460 592 1539 dubitem,
606 1483 716 1549 neque
728 1465 817 1551 quod
828 1466 976 1544 timeam,
990 1487 1063 1532 meo
1075 1468 1113 1532 in
1184 1533 1187 1540 .

479 1628 483 1635 .
517 1589 652 1665 pectore
666 1577 837 1643 eonditum
850 1591 902 1644 est
915 1578 1110 1653 consilium.

194 1696 228 1762 N
229 1717 281 1762 ern
294 1718 334 1761 ee
345 1692 495 1761 stultitia
508 1693 577 1773 est,'
587 1694 720 1758 facinus
733 1715 889 1781 magnum
901 1696 1022 1761 timido
1038 1719 1112 1763 cor-

690 1808 726 1873 di
738 1809 895 1877 credere:
910 1832 986 1876 nem
998 1832 1112 1878 omnes

198 1927 268 1993 Res
279 1924 421 2013 perinde
432 1937 534 2002 eunt,
559 1937 717 2010 reteget,
744 1937 782 1988 ut
794 1946 851 1990 ees
863 1910 1110 2012 magnifaciant
1191 1941 1197 1952 '

826 2060 902 2103 nem
915 2060 977 2126 ego
990 2041 1026 2103 in
1037 2060 1111 2104 meo

156 2161 189 2224 5.
201 2157 341 2224 Pectore
351 2156 447 2243 prius
460 2156 510 2220 ite
518 2148 636 2241 peravi
646 2155 782 2241 copiae,
798 2153 947 2242 duplicis
962 2152 1113 2242 triplicis

992 2268 1112 2350 dolos,

138 2419 141 2424 Ι
220 2445 247 2496 4.
264 2444 432 2512 moqee'ficue.

174 2597 224 2657 Vs.
246 2599 274 2658 i.
296 2596 603 2679 coemittentem,
626 2605 688 2658 etc.
710 2615 817 2658 sensus
836 2606 901 2657 est:
925 2615 1106 2670 omnesres,
1217 2591 1234 2617 ²

136 2708 159 2769 i.
187 2726 215 2768 e.
244 2725 350 2767 rerum
378 2715 510 2767 eventus
530 2706 576 2767 ita
597 2715 687 2781 eunt,
719 2707 826 2788 prouti
845 2727 896 2769 eae
917 2716 1045 2768 strenue
1064 2707 1116 2768 vel
1157 2729 1159 2734 ¹

136 2815 341 2877 somniculose
368 2815 449 2894 egis,
489 2815 618 2893 majoris
647 2815 699 2877 vel
726 2814 856 2877 minoris
887 2811 986 2877 ducis.
1037 2815 1117 2876 Note
1157 2794 1159 2798 ὗ

135 2925 269 3009 perinde
297 2933 350 2997 ot,
383 2906 588 3002 conjunctivo
613 2925 792 3002 junctum‚.
813 2943 901 2984 cecus
922 2933 1018 3004 etque
1038 2923 1119 2984 colet

139 3035 264 3097 Cicero:
286 3032 326 3092 de
347 3031 401 3093 0ff.
424 3031 484 3092 ΙΙΙ.
506 3033 556 3094 33.
599 3033 701 3094 Habes
723 3041 852 3115 epatre
873 3052 1005 3105 monce,
1029 3031 1116 3092 Mor-

140 3158 174 3199 ee
197 3139 266 3220 fili,
297 3159 364 3199 meo
393 3129 515 3219 qoidem
536 3141 696 3200 cententio
716 3159 886 3219 moyerem
914 3139 969 3198 eod
982 3137 1117 3221 perinde

138 3247 214 3321 erit,
237 3256 274 3307 ot
292 3248 466 3330 occeperie:
486 3247 527 3308 of.
549 3249 637 3310 Brut.
659 3269 687 3309 c.
710 3249 750 3310 50
770 3249 860 3308 Tusc.
884 3247 1008 3322 Quaest.
1027 3244 1052 3304 1.
1063 3245 1115 3308 39.

179 3357 229 3419 Vs.
252 3358 281 3418 5.
302 3357 423 3440 copiae,
449 3356 583 3438 duplicis
604 3356 739 3439 triplicia
759 3355 850 3416 dolce.
893 3354 1026 3425 Montes,
1050 3373 1117 3413 me-

82 3501 85 3505 >
141 3467 219 3526 eimi
244 3467 365 3540 ocerei,
405 3464 474 3545 huj.
504 3466 566 3527 seb.
599 3466 627 3526 1.
659 3467 688 3526 2.
720 3464 777 3538 55,
808 3463 871 3524 niei
890 3463 1117 3543 ineptissimum

142 3558 239 3646 eseet,
280 3573 341 3634 hoc
370 3593 464 3635 versu
492 3572 577 3635 houd
608 3583 727 3634 temere
756 3572 865 3634 induci
894 3592 926 3632 ee
955 3580 1119 3652 pateretur

143 3680 229 3761 quis,
270 3691 318 3742 ut-
334 3702 515 3762 germanum
546 3681 701 3743 crederet.
752 3681 790 3741 In
816 3690 953 3762 utroque
972 3679 1120 3740 nimirum

142 3795 234 3869 poeta
253 3809 311 3870 per
330 3792 502 3870 asyndeton
521 3792 655 3871 corrigit
675 3811 725 3864 ee,
749 3799 846 3872 atque
866 3790 1119 3851 sententiamex·

142 3896 257 3977 plicet:
281 3898 324 3961 of.
346 3897 415 3978 huj.
437 3898 499 3962 fab.
524 3901 550 3962 l.
580 3903 607 3962 l.
630 3903 678 3963 57.
700 3933 740 3946 -
