2670 5146
651 308 700 384 st

244 553 377 641 Datque
400 573 529 640 usqne:
566 547 697 639 quando
718 546 808 614 nihil
831 550 901 627 sit,
928 553 1030 621 simul
1043 578 1153 626 umere

1009 671 1154 741 desinat.

244 803 299 848 ca.
323 777 467 846 Nihilne
492 792 526 844 te
546 780 615 863 mei
638 779 803 844 miseret?
825 802 883 846 nl.
906 781 1022 850 Inanis
1035 789 1152 856 sedis:

839 896 932 961 dieta
943 919 1009 964 non
1022 917 1155 970 sonant.

178 1016 201 1077 7
205 1014 236 1076 5.
250 1010 364 1096 Atque
375 1031 436 1096 ego
449 1022 482 1074 te
493 1010 604 1074 vivum
617 1007 812 1096 salvumque
822 1009 957 1076 vellem.
981 1033 1032 1078 ns.
1055 1017 1154 1099 Eho,

777 1129 900 1210 anjam
910 1141 1060 1196 mortuus
1074 1147 1126 1198 eut
1139 1132 1154 1197 i

241 1261 297 1304 na.
321 1237 370 1303 Ut
391 1249 429 1302 ut
450 1250 526 1314 est:
551 1237 637 1304 mibi
651 1239 950 1327 quidemprofeoto
974 1267 1048 1311 uum
1072 1250 1153 1316 istie

806 1343 910 1423 distis
922 1373 1072 1428 mortuus
1085 1377 1150 1429 est.

241 1466 342 1536 Illioo
364 1469 455 1534 vixit
479 1480 630 1548 ametor,
656 1469 716 1535 ubi
737 1469 853 1537 lenoni
875 1472 998 1561 placet.

261 1670 305 1722 74.
323 1677 450 1720 temet-
467 1672 561 1721 suanis
578 1673 692 1724 accedis.
729 1671 771 1723 7u.
792 1689 821 1723 eo
838 1690 876 1725 ou
885 1679 956 1741 jum.

175 1848 365 1911 auctoritate
384 1867 449 1909 non
468 1847 611 1920 dubitavi
631 1847 714 1910 hano
724 1851 955 1927 conjecturam,
980 1851 1154 1931 quaemale
1187 1838 1190 1843 Δ

176 1958 281 2039 Lipsio
316 1955 492 2030 tribuitur,
534 1955 685 2035 recipere.
747 1956 816 2017 Vid.
854 1958 968 2018 Parcus
1003 1959 1037 2017 in
1066 1957 1155 2020 Anal.

176 2067 278 2128 Plaut.
300 2085 327 2126 a.
349 2065 383 2125 h.
403 2063 425 2124 l.
468 2063 588 2143 Vulgo:
621 2084 685 2123 ooo
707 2074 754 2124 est
768 2067 879 2147 justos
901 2087 930 2145 q.
953 2087 981 2126 a.

187 2196 189 2205 ·
221 2174 272 2233 Vs.
294 2174 344 2234 73.
364 2172 488 2252 quando
507 2171 592 2230 sitit
611 2173 675 2232 sit:
695 2172 831 2233 insolens
840 2171 900 2233 hoo
910 2181 972 2246 est,
996 2181 1156 2254 utquoex·

178 2282 371 2344 cusationem
389 2279 584 2341 nonhabet:
608 2279 738 2341 fortasse
757 2280 926 2360 legendum
939 2281 1000 2362 fit:
1022 2280 1063 2342 os.
1074 2281 1113 2343 ad
1122 2282 1152 2342 2.

180 2391 211 2451 l.
231 2392 289 2468 2t3
318 2389 494 2469 saepissimo
523 2386 660 2448 enimin
680 2389 729 2449 his
749 2389 869 2450 voculis
889 2398 1037 2451 errarunt
1056 2390 1154 2452 libra-

182 2498 240 2570 rii,
281 2506 317 2556 ut
345 2497 428 2558 inira
456 2496 632 2557 videbimus
660 2496 700 2556 de
726 2497 853 2579 superfit
867 2497 924 2556 uel
943 2498 1090 2579 supersit,
1122 2497 1155 2557 in
1223 2542 1227 2550 «

183 2605 298 2687 quibus
317 2625 388 2666 raro
408 2606 589 2686 conspirant
607 2604 676 2666 llss.
698 2605 789 2666 Nihil
801 2607 842 2688 fit
861 2605 913 2666 uel
934 2606 1031 2665 nihili
1044 2605 1086 2687 fit
1099 2625 1155 2686 op-

181 2714 259 2773 time
284 2712 431 2774 convenit
450 2733 495 2773 vs.
519 2715 557 2775 75
576 2731 662 2792 sqq.:
689 2713 782 2773 nihili
801 2714 895 2775 fiebat
911 2714 1035 2787 lenoni,
1063 2715 1152 2773 vixe-

184 2830 234 2883 rat
254 2821 429 2896 Calidorus,
454 2823 547 2882 simul
567 2843 603 2885 ao
623 2823 698 2884 dare
718 2823 869 2884 desiisset.
911 2824 1022 2884 Parum
1031 2822 1157 2895 absum,

186 2931 263 3007 quin
283 2929 423 3003 credam,
454 2930 600 2992 lenonem
620 2932 802 3011 ambiguum
822 2941 969 2993 venatum
988 2950 1070 3005 esse,
1104 2951 1159 2990 ox-

184 3037 362 3118 plisundum
391 3056 409 3097 o
438 3037 500 3098 llil.
531 3040 560 3100 5.
592 3056 636 3101 vs.
672 3041 720 3101 16.
763 3040 893 3100 Initium
912 3060 1020 3099 versus
1037 3037 1162 3119 perdito

188 3155 304 3208 metro:
327 3147 438 3225 datque
457 3167 563 3226 usque.
605 3149 736 3210 Bothius
757 3149 902 3229 corrigit:
926 3149 1160 3224 eiulatusque:

189 3256 347 3334 vulgatam
365 3256 462 3336 magis
481 3256 600 3318 refert:
631 3269 720 3336 utque
742 3259 796 3319 dot
814 3277 921 3336 osque.

147 3445 150 3448 .
229 3362 280 3424 Vs.
304 3364 352 3424 ii.
374 3364 484 3424 ioouis
503 3365 603 3439 sedis,
627 3367 748 3428 accedis
768 3367 835 3427 sine
854 3365 1029 3430 rationibus
1050 3365 1159 3427 tinnu-

192 3471 248 3532 lis:
289 3471 375 3534 diota
402 3493 466 3534 non
494 3484 614 3536 sonant.
666 3476 728 3538 tic.
756 3477 795 3538 ad
824 3475 890 3538 Att.
920 3475 999 3538 XIV.
1021 3476 1057 3535 21
1081 3484 1162 3535 extr.

193 3590 346 3662 suspecto,
379 3584 490 3660 ecquid
514 3582 673 3646 Dolabella
692 3585 813 3644 tinniat
832 3579 921 3665 (prot
954 3583 1051 3642 solvat
1066 3603 1161 3666 pesu-

194 3691 310 3772 m'um),
343 3712 385 3750 uo
405 3693 442 3752 iu
461 3714 527 3752 meo
547 3695 669 3754 nomine
691 3693 812 3753 tubulus
832 3713 927 3753 nouus
939 3693 1066 3772 feeerit.

234 3797 283 3858 Vs.
316 3800 365 3858 77.
390 3799 515 3881 placet:
547 3801 634 3863 leid.
655 3802 723 3863 biv.
745 3803 779 3862 in
798 3802 907 3863 Pseud.
930 3823 958 3863 o.
980 3804 1016 3876 3,
1047 3801 1165 3861 exult.

197 3905 315 3981 syllaba
335 3908 443 3972 vocab.
465 3930 570 3990 praec.
592 3922 736 3992 repetens
757 3933 813 3987 os,
837 3911 974 3991 conjecit
994 3931 1034 3970 ne
1050 3909 1168 3990 placet,
