2670 5146
708 370 787 448 182

319 637 370 681 rs.
397 612 552 680 Molliter
563 614 650 678 siste
663 632 751 679 nuno
762 632 815 678 me
831 657 840 692 ,
863 634 943 679 euve
955 616 1145 688 neosdsm:
1171 645 1243 690 nou

672 727 856 808 videsne,
874 743 909 794 ut
920 731 1051 799 madido
1062 737 1244 805 madeami

324 870 367 912 sr.
395 844 489 922 Quae
517 848 583 911 ista
607 843 689 910 haee
709 844 936 924 audaeiaest,
961 860 995 912 te
1007 851 1058 914 sio
1070 851 1242 923 interdius

494 981 568 1026 oum
583 957 708 1026 oorolla
721 958 851 1025 ebrium
864 961 1035 1028 incederet
1047 985 1098 1028 ns.
1113 967 1242 1037 Lubet.

320 1102 363 1144 sr.
389 1075 481 1152 Quid
500 1073 622 1145 lubett
643 1075 774 1162 pergin’
801 1087 931 1140 ructare
952 1077 988 1140 in
1001 1099 1038 1143 os
1049 1078 1161 1145 nihtt
1188 1105 1241 1151 rs.

515 1191 639 1257 Suavis
652 1203 768 1257 ruotus
779 1188 863 1255 mihi
877 1203 950 1256 est:
976 1191 1027 1258 sio
1038 1194 1112 1260 sine
1126 1198 1238 1264 modo.

255 1317 360 1376 lusu
386 1308 495 1376 Credo
520 1307 826 1395 equidempotesss
844 1319 902 1385 te‘,
925 1304 1063 1385 soelus,
1090 1308 1242 1380 Massici

734 1423 858 1488 montis
873 1420 1067 1488 uberrumos
1081 1439 1242 1512 quattuor

320 1541 464 1603 Fructus
480 1525 620 1602 ebibere
629 1537 664 1600 in
677 1535 758 1600 hora
771 1557 847 1601 una.
859 1559 909 1602 rs.
923 1533 1094 1619 Hiberna,
1110 1541 1238 1608 addito.

820 1672 863 1716 sr.
888 1650 986 1716 Haud
998 1649 1238 1724 molemones:

326 1797 351 1850 7.
371 1797 498 1847 madidus
514 1795 617 1847 odeum.
654 1797 680 1846 8.
700 1797 793 1847 irtusr.

258 1931 398 1994 curtato,
433 1920 489 2001 qui
510 1929 654 1994 vooatur,
688 1941 744 1980 our
764 1932 878 2001 sqomet
898 1920 1051 2001 afflictor?
1082 1923 1233 1999 Queritur
1259 1955 1262 1960 ·
1320 1981 1326 1997 ,

261 2031 328 2093 soil.
361 2029 548 2100 Pseudolus,
587 2028 742 2089 Simonem
771 2048 804 2088 se
824 2047 930 2108 pugno
949 2037 1135 2108 percutere,
1168 2050 1239 2092 ver-

262 2140 388 2212 berare,
430 2156 512 2218 quae
539 2138 573 2196 in
602 2136 652 2197 his
672 2137 788 2198 fabulis
806 2136 891 2198 haud
911 2136 1095 2219 infrequens
1116 2148 1164 2199 est
1184 2159 1237 2201 no

206 2255 210 2265 '
259 2248 304 2310 tio
334 2247 423 2308 vorbi
461 2247 636 2327 afflictare.-
666 2245 707 2307 of.
738 2244 809 2306 Aul.
841 2248 870 2307 i.
901 2247 929 2307 i.
953 2247 989 2322 53
1019 2246 1133 2309 Bsooh.
1157 2250 1185 2309 l.
1207 2249 1235 2308 2.

258 2357 315 2432 tt3
348 2355 409 2415 Mil.
432 2355 461 2415 i.
484 2355 512 2415 2.
535 2354 593 2431 il;
616 2353 696 2416 flua.
718 2353 748 2415 3.
771 2353 800 2413 2.
822 2354 870 2415 31.

297 2463 347 2524 Vs.
371 2467 399 2524 7.
421 2464 505 2523 siste.
537 2461 645 2542 Steph.
669 2462 801 2524 sustine.

297 2573 347 2634 Vs.
378 2573 407 2634 9.
437 2573 481 2632 sio
511 2573 581 2631 sine
611 2572 713 2644 modo,
747 2579 794 2632 est
814 2570 1020 2646 fastidientis,
1054 2582 1086 2634 et
1106 2575 1236 2636 moleste

257 2683 405 2745 ferentis:
429 2681 521 2742 Truo.
544 2682 580 2752 5,
606 2682 637 2753 1,
662 2681 712 2741 i.-

296 2789 346 2851 Vs.
380 2789 426 2875 ll..
448 2786 628 2848 oberro-mos
642 2791 789 2866 fruetus,
817 2789 839 2848 i.
869 2808 896 2849 ε.
919 2808 1056 2851 annuum
1068 2790 1233 2853 reditum:

258 2899 298 2960 of.
329 2897 428 2958 West.
460 2897 500 2957 ad
519 2899 588 2958 Ter.
612 2895 736 2959 Phorm.
759 2899 797 2972 5,
820 2898 855 2972 8,
880 2898 938 2976 2t3
962 2899 1034 2960 intt.
1057 2898 1095 2961 ud
1118 2901 1233 2962 Catull.

258 3006 341 3071 CXV.
360 3040 401 3052 -
438 3006 592 3081 Hiberna,
616 3007 731 3068 addito.
762 3007 891 3070 Romani
911 3007 1003 3070 horas
1023 3008 1156 3069 aestivas
1176 3027 1234 3090 pro

258 3117 451 3197 longioribus
471 3125 607 3196 ponunt,
632 3116 779 3177 hibernas
800 3115 851 3176 rei
873 3116 1028 3177 brumales
1037 3136 1094 3196 pro
1104 3116 1233 3179 brevio·

256 3225 354 3286 ribus.
412 3225 487 3287 Nam
510 3223 576 3285 dios
604 3234 665 3285 tum
689 3224 855 3299 hibernus,
892 3242 986 3302 quam
1011 3223 1161 3298 aestivus,
1201 3234 1234 3286 et
1325 3238 1332 3243 ·

257 3352 337 3408 nox,
366 3344 426 3396 tam
445 3333 574 3407 hiemis,
605 3351 696 3411 quam
715 3333 840 3395 aestatis
860 3333 922 3393 fuit
939 3333 978 3392 iis
995 3332 1054 3394 XII
1074 3332 1232 3396 horarum.

258 3440 306 3504 ita
341 3441 506 3503 eveniebat
543 3440 733 3516 necessario,
775 3449 811 3502 ut
836 3461 892 3522 por
920 3450 1069 3503 aestatem
1104 3439 1238 3504 diurnae

258 3550 420 3610 nocturnis
461 3560 562 3611 essent
600 3550 770 3630 longiores,
812 3568 869 3630 par
899 3549 1033 3610 hiemem
1053 3549 1235 3630 breviores.

259 3654 310 3716 Sio
326 3655 363 3716 ud
384 3657 493 3719 teneo.
524 3659 612 3719 Hero.
638 3657 708 3718 Fur.
731 3657 790 3719 842
804 3658 938 3720 Gronov.
963 3657 1158 3738 Hyperbolus
1173 3656 1235 3718 ita-

259 3780 321 3842 quo
346 3765 505 3844 ungendae
531 3767 671 3828 inservit.
714 3766 819 3828 Latius
844 3767 883 3827 de
905 3766 964 3829 hae
984 3767 1130 3847 temporis
1148 3766 1233 3827 divi-

257 3870 354 3934 dondi
379 3872 499 3934 ratione
524 3877 588 3956 egit
607 3876 711 3938 Barth.
731 3873 807 3937 Aur.
829 3875 869 3935 ΙΙ.
893 3875 947 3948 lt,
978 3874 1150 3953 multisque
1169 3883 1232 3936 tos·

259 3984 395 4046 timoniis
413 3983 556 4046 firmavit.
600 3985 685 4048 Addo
701 3987 774 4047 intt.
794 3985 833 4048 ad
852 3985 936 4065 Virg.
957 3984 1067 4062 Georg.
1089 3983 1116 4044 1.
1139 3982 1189 4043 32.
