2670 5146
620 406 699 484 125

176 660 250 722 100.
264 651 364 732 Hem,
378 649 454 716 illic
468 671 529 735 ego
537 647 675 714 ‘habitat
701 649 791 712 intro
804 648 868 715 huc
881 651 955 732 abi,
970 665 1003 718 et
1016 674 1149 719 coenam
1170 712 1174 719 .

618 761 619 764 ¹
1047 790 1151 856 coque

262 883 420 968 Propere.
445 902 499 946 co.
526 875 618 953 Quin
643 878 674 941 is
699 877 913 958 accubitum,
939 893 972 944 et
994 883 1151 947 convivas
1194 954 1197 961 ,
1234 885 1235 889 ’

827 994 844 1023 '
1047 996 1150 1062 cedo:

265 1109 497 1196 corrumpitur
505 1108 704 1194 J'am'coena.
728 1128 784 1173 nr.
809 1108 920 1190 Hem,
936 1109 1090 1191 ,subolem
1103 1115 1153 1177 sis

1050 1228 1152 1292 vide!

266 1343 341 1407 Jam
352 1341 409 1406 hic
422 1336 733 1428 qnoqueaceleetus
746 1349 799 1402 est
810 1341 910 1426 coqui
922 1339 1110 1427 sublingio.

264 1457 420 1522 Profecto
444 1454 526 1542 quid
549 1473 637 1518 nunc
659 1455 807 1540 primum
830 1475 965 1519 caveam
986 1457 1125 1523 nescio:

178 1576 253 1640 105.
266 1573 319 1638 lta
346 1575 382 1636 ia
408 1570 548 1635 aedibus
572 1581 652 1635 sunt
677 1569 791 1634 fures:
812 1569 1157 1658 praedoinproxumo

1092 1700 1158 1753 eut.

200 1808 203 1813 '
263 1804 338 1868 Jam
360 1824 380 1866 a
400 1823 453 1865 me
476 1799 533 1864 hic
555 1798 691 1864 vicinus
715 1799 803 1884 apud
826 1800 933 1864 forum
945 1798 1046 1886 paulo
1058 1803 1155 1888 prius

264 1919 364 1984 Pater
390 1913 544 1980 Calidori
566 1934 666 1998 opere
688 1915 816 1998 petivit
837 1935 1005 1978 maxumo

263 2031 312 2096 Ut
333 2028 419 2094 mihi
442 2048 594 2093 caverem
615 2049 635 2090 a
657 2025 826 2092 Pseudolo
850 2050 949 2094 servo
972 2051 1057 2108 suo,

264 2143 343 2210 Neu
354 2140 457 2207 fidem
477 2142 509 2206 ei
522 2135 691 2207 haberem.
738 2139 826 2208 Nem
838 2165 913 2208 eum
924 2145 1105 2209 circumire
1119 2147 1157 2210 in
1247 2138 1250 2143 ’

933 2258 1023 2326 hunc
1041 2259 1154 2339 diem,

268 2402 325 2453 100.
337 2384 485 2452 Ἰ10011101).
520 2401 578 2450 102.
597 2398 724 2453 subdolo.
758 2402 816 2454 103.
836 2409 1021 2470 eatcoquuaut
1029 2405 1156 2470 conjicio.

267 2497 325 2548 106.
337 2499 365 2562 j.
383 2496 454 2546 milei
472 2495 517 2547 ln'c
534 2511 558 2544 o.
598 2496 656 2553 107.
675 2512 700 2548 o.
714 2499 787 2565 fecit
802 2515 839 2550 m.

218 2621 269 2682 Vs.
302 2622 370 2682 101.
400 2631 432 2679 et
456 2622 603 2681 convivae
630 2622 720 2682 cedo:
758 2622 870 2683 melius
898 2623 977 2683 milri
1005 2612 1050 2684 sic
1069 2632 1158 2685 sonat

178 2751 306 2804 versus,
336 2749 430 2808 quam
448 2729 579 2810 probata
599 2729 733 2792 Acidalii
753 2730 989 2792 emendatione:
1023 2731 1054 2804 i,
1084 2750 1159 2789 ooa-

178 2840 271 2898 oe'ooe
292 2839 373 2898 cedo.
420 2837 504 2916 Quin
524 2836 774 2911 cumindip.h.l.
797 2837 919 2899 solitam
940 2838 1002 2897 vim
1017 2837 1159 2917 imperat.

177 2947 291 3007 habet.

222 3055 273 3114 Vs.
307 3055 375 3116 102.
406 3055 538 3115 subolem
564 3057 656 3115 cide:
683 3055 800 3117 suboles
826 3055 879 3115 hio
906 3055 941 3114 in
967 3061 1159 3114 contemtum

181 3163 301 3223 dicitur
329 3163 369 3223 de
389 3182 560 3241 coquorum
580 3164 769 3244 propagine,
799 3172 835 3223 ut
855 3181 952 3244 penus
971 3170 1004 3221 et
1023 3163 1109 3220 notio
1126 3182 1160 3223 a·

177 3270 246 3349 pud
270 3271 333 3332 Cic.
353 3280 386 3331 et
404 3271 492 3332 alios.

223 3378 275 3440 Vs,
307 3379 375 3441 103.
408 3383 568 3460 eat‘coqui
595 3382 768 3462 calliopio,
799 3383 855 3459 qui
877 3401 896 3443 a
918 3398 1018 3459 coquo
1040 3381 1161 3462 patinas

179 3487 318 3566 ligurire
344 3487 474 3564 didicit,
514 3490 650 3552 absentis
674 3491 824 3564 vicarius,
852 3489 1024 3572 praesentia
1049 3489 1171 3565 accius.¹

182 3596 250 3655 Neo
269 3598 350 3658 male
371 3597 424 3659 Gd.
447 3598 548 3661 dead:
558 3600 691 3679 juvante
711 3600 818 3682 Steph.

225 3704 275 3766 Vs.
307 3707 376 3767 106.
399 3711 496 3788 jum.v
511 3708 598 3771 dcid.
625 3709 779 3790 probante
795 3709 923 3781 Bothio„
956 3729 1043 3780 nom,
1076 3707 1160 3785 quod

174 3815 288 3874 verius
313 3817 451 3878 videtur.
470 3852 510 3863 -
538 3821 597 3880 Pro
623 3841 642 3878 o
666 3840 711 3878 me
737 3818 831 3879 multi
856 3816 928 3877 libri
948 3817 1043 3889 midi,
1076 3814 1159 3875 unde
1189 3902 1191 3906 y
1266 3847 1270 3853 ·

181 3925 337 3985 Camerar.
357 3927 500 3988 restituit
518 3949 584 3986 me:
603 3929 636 3988 in
655 3927 730 3989 edit.
750 3925 857 4007 steph.
878 3925 1001 3987 abeunt.
1012 3939 1048 3974 -·-
1065 3922 1158 4004 Apud

160 4033 302 4108 joram,
335 4042 373 4095 ut
388 4034 476 4114 Epid.
496 4037 532 4109 2,
555 4038 590 4111 2,
616 4039 671 4113 67,
702 4034 924 4124 opudl'iebaa
944 4024 1003 4133 pro
1031 4029 1153 4120 l'lrobie.
