2670 5146
614 377 666 485 rs

210 617 292 686 Alia
313 617 414 684 aliern
437 597 580 684 scandit.
615 640 670 684 cr.
694 619 802 684 Ludis
825 642 879 687 me
901 620 982 690 ludo
1008 640 1077 694 too.

211 759 262 802 rs.
284 735 358 802 Has
371 733 506 821 quidem
517 731 596 819 pol,
611 732 710 799 oredo
724 778 734 812 ,
748 735 818 800 nisi
831 736 964 821 Sibylla
975 740 1121 831 legerit,

211 851 431 937 Interpretari
452 845 558 912 olium
579 861 716 933 potesse
737 853 919 918 neminem.

145 969 270 1034 zion.
293 963 363 1030 Cur
384 961 604 1029 inclementer
627 962 714 1027 dieis
737 961 863 1050 lepidis
885 964 1023 1050 literis,

209 1078 351 1166 Lepidis
374 1074 535 1157 tabellis,
558 1075 673 1162 lepida
695 1081 898 1166 conscriptis
921 1083 1046 1148 manni

210 1215 262 1258 rs.
286 1191 343 1258 An
365 1189 503 1256 obseoro
526 1188 665 1269 hercle,
689 1190 815 1259 habent
832 1218 963 1285 quoqne
975 1198 1122 1287 gallinae

979 1315 1122 1381 manuni

211 1420 296 1488 Nam
318 1421 378 1486 has
404 1421 539 1509 quidem
563 1418 691 1507 galline
704 1426 857 1510 scripsit.
893 1445 947 1491 cn.
973 1425 1123 1496 Odiosus

964 1541 1050 1606 mihi
1074 1549 1126 1609 es.'

208 1654 320 1741 Lege,
332 1651 389 1718 vel
401 1649 542 1717 tabellas
554 1651 669 1717 redde.
692 1650 1120 1744 rs01moenimpellegam:

141 1775 197 1838 30.
208 1769 386 1836 Advortite
398 1770 556 1832 animum.
579 1789 634 1833 cn·
648 1765 725 1833 Non
737 1768 845 1833 adest.
868 1791 919 1834 rs.
930 1769 978 1836 At
992 1785 1028 1836 tn
1041 1775 1122 1840 cito.

207 1906 262 1951 on.
284 1884 356 1950 Imo
379 1904 441 1970 ego
463 1881 602 1962 tacebo,
626 1894 663 1946 tu
686 1880 765 1947 hino
790 1904 836 1948 ex
858 1905 934 1949 cera
956 1887 1048 1952 eitat

207 1999 294 2088 Nem
304 2000 385 2065 istie
396 2019 490 2063 meus
503 1999 633 2062 enimus
649 2018 735 2062 nuno
748 2010 822 2077 est,
845 2019 910 2062 non
921 2001 958 2064 in
970 2013 1118 2086 pertore.

207 2138 258 2182 rs.
281 2114 388 2182 Tuom
409 2115 547 2179 emicem
569 2113 693 2193 video,
718 2111 888 2179 Calidoro.
919 2135 974 2180 os.
998 2113 1120 2184 Ubiee

852 2242 927 2310 est,
951 2229 1116 2297 obsecrol

205 2368 258 2413 rs.
282 2345 404 2412 lloeom
426 2348 463 2411 in
485 2343 623 2412 tabellis
634 2357 841 2430 porrectam:
866 2347 902 2410 in
915 2368 990 2412 cern
1003 2346 1114 2413 cubat.

141 2454 262 2530 asor.
286 2461 333 2528 At
345 2476 377 2528 te
390 2462 442 2527 dii
454 2461 601 2550 deaeque
612 2474 755 2549 quantus
769 2483 821 2528 es.
847 2481 904 2527 rs.
920 2461 1116 2529 Servasrint

157 2584 164 2594 ‘
531 2593 533 2598 ·
962 2577 1110 2666 quidem.

206 2777 249 2829 26.
272 2777 344 2827 ebert
359 2777 466 2844 lepidis.
486 2777 542 2830 .27.
570 2776 726 2845 dolentque.
745 2795 771 2844 9.
789 2795 827 2831 m.
863 2779 906 2829 35.
926 2780 1075 2846 qoootrt’tt.

180 2986 230 3048 Vs.
252 2977 303 3048 23.Ι
325 2986 442 3069 Sibylla
463 2987 579 3067 leporii.
618 2988 669 3048 sto
688 2986 776 3048 Mart.
796 2987 839 3065 X,
871 2987 921 3047 21.

178 3096 249 3158 Neo
268 3096 377 3156 lectore
397 3098 461 3156 troie
480 3117 553 3178 opus
573 3107 634 3170 ert,
664 3096 719 3155 sed
737 3093 880 3177 Apolline
900 3094 1000 3155 libris.

137 3207 208 3266 Ter.
229 3204 308 3266 And.
333 3206 365 3278 l,
395 3206 430 3278 2,
470 3205 519 3265 23.
563 3205 671 3265 Dreros
691 3225 774 3277 sum,
808 3223 872 3262 noo
896 3202 1046 3284 Oedipus,
1077 3213 1109 3264 et

134 3313 259 3375 similia.

177 3423 229 3485 Vs.
249 3423 456 3505 dispuentes
476 3446 518 3486 eo.
559 3424 758 3487 Auctoritoto
778 3421 827 3482 od.
849 3421 943 3484 dead.
963 3421 1108 3483 fortere-

135 3530 315 3611 oipiendum
344 3535 521 3613 quantuni,
552 3532 603 3593 vel
634 3541 786 3613 quonium
813 3540 872 3604 eet,
907 3530 1017 3611 supple
1032 3552 1108 3613 per·

134 3639 245 3714 duint,
278 3640 363 3721 qnod
388 3642 423 3700 in
443 3642 491 3702 his
512 3641 625 3702 sabulis
645 3639 898 3701 usitatissimum:
930 3639 994 3701 vid.
1034 3638 1105 3702 Aul.

133 3747 171 3820 l,
204 3748 258 3824 1⁰,
286 3749 344 3825 553
372 3748 468 3829 hnjns
488 3751 550 3813 fab.
575 3751 606 3824 l,
636 3751 672 3824 5,
702 3748 770 3809 121.
812 3748 905 3810 Poen.
929 3748 963 3821 1,
985 3748 1022 3822 3,
1044 3749 1102 3823 22,

133 3864 168 3916 et
186 3856 270 3937 apud
290 3858 416 3920 Terent.
439 3860 566 3940 passim3
588 3857 743 3938 significet
762 3866 907 3938 quotquot
925 3866 1009 3916 root.
1052 3856 1103 3917 Sie

132 3963 285 4044 quidquid
321 3964 439 4028 dieitur
467 3987 525 4049 pro
554 3969 734 4059 pelleumque
763 3964 846 4046 opud
873 3965 976 4026 Horat.
1005 3962 1098 4043 Epod.
