2716 5152
664 369 742 446 179

266 609 445 698 Voluptati
459 607 577 696 edepol
587 611 639 675 tut
653 632 661 676 :
681 610 722 674 ob
735 631 849 678 eanum
861 610 958 679 datur
971 615 1149 685 eanthnrne
1165 666 1176 700 ‚

860 748 867 761 ·
898 727 995 807 tibh
1021 747 1183 800 commuto

200 847 254 911 35.
266 841 366 910 llliee
379 840 520 927 pallium
535 887 544 918 ,
567 839 655 905 illud
666 843 778 928 petivi
792 864 800 908 ε
814 844 894 909 inde
905 843 972 910 hue
985 848 1062 912 exii
1078 893 1089 927 ,
1108 871 1181 914 era·

765 954 878 1043 polam
890 956 965 1023 (inm
979 981 1176 1028 amoverem.

263 1071 360 1139 Nnne
374 1072 414 1137 ab
428 1072 508 1136 hero
519 1072 561 1135 ad
575 1071 691 1139 herum
703 1067 812 1140 meum
821 1080 983 1162 majorem
995 1079 1096 1143 venio
1107 1080 1180 1145 foe·
1232 1099 1233 1103 ’

804 1191 867 1257 dns
880 1206 1179 1260 commemoratum.

262 1304 401 1392 Aperite
416 1352 426 1386 ‚
452 1309 604 1391 aperite,
630 1306 713 1373 heus
728 1305 861 1375 Simoni
871 1328 925 1373 me
936 1307 1057 1376 adesse
1070 1355 1080 1389 ‚
1095 1311 1173 1399 quie

1007 1427 1176 1491 nunciate.

241 1593 305 1644 at.
325 1593 397 1644 abeat
414 1594 477 1645 titt.
513 1595 555 1645 at.
573 1597 663 1659 potati.
699 1592 743 1645 37.
762 1596 823 1661 quit
840 1597 965 1647 molat.

194 1786 249 1840 ant
277 1776 371 1839 alteri
399 1776 598 1856 imponentis.
642 1779 719 1840 Cum
740 1777 827 1839 enim
848 1778 909 1839 sibi
930 1777 1094 1842 silentium
1115 1778 1176 1839 im·

192 1885 366 1968 ponebant,
408 1885 550 1965 opposito
577 1883 616 1946 ad
645 1904 678 1946 os
706 1868 821 1964 digito}
853 1893 1010 1964 tamquam
1039 1884 1176 1947 ulterius

194 2013 367 2059 temonem
386 1993 561 2075 procudere
582 2003 785 2066 vererentur,
810 2004 865 2055 ant
886 2012 974 2066 eum,
998 1973 1174 2073 (praediola

195 2113 302 2178 erant,
325 2103 446 2166 indicta
465 2104 604 2177 vellent,
638 2112 693 2168 ant
713 2123 785 2165 omn
805 2122 843 2164 ex
863 2120 1005 2165 sermone
1024 2120 1173 2183 praesen-

196 2223 242 2275 tes
271 2213 484 2284 dimitterent,
519 2222 585 2272 tum
615 2210 673 2287 πόιξ
703 2212 869 2275 dicebant:
909 2211 980 2273 vide
1009 2211 1102 2274 Salm.
1134 2212 1174 2274 ad

195 2323 280 2384 Trin.
303 2324 333 2384 l.
354 2322 384 2383 2.
406 2322 456 2384 36.
478 2321 559 2383 Seal.
581 2321 621 2382 ad
641 2319 704 2384 llil.
727 2322 764 2394 3,
790 2323 825 2394 1,
847 2320 925 2394 213,
948 2329 982 2383 et
1000 2319 1034 2380 in
1054 2319 1169 2383 Annon.
1223 2305 1226 2315 ⁴

193 2433 278 2494 Loet.
301 2432 326 2493 1.
352 2431 398 2492 19.
421 2463 461 2478 -
493 2430 617 2492 Nimiae
640 2443 726 2493 tom:
745 2439 871 2512 praeter
892 2431 945 2492 Gd.
965 2428 1060 2492 Aoatl.
1079 2430 1175 2493 otiam

194 2539 293 2603 Vatie.
315 2539 448 2622 pollione
473 2550 596 2612 tornato,
629 2539 714 2620 qnod
738 2559 801 2600 non
824 2537 1052 2619 repudiandum
1066 2545 1175 2599 eenoot

191 2649 322 2731 lipsius.

234 2759 284 2821 vs.
306 2761 356 2822 36.
376 2761 491 2839 sordue
520 2768 801 2829 commoratum,
834 2766 871 2817 ut
897 2765 1024 2838 paetum
1051 2756 1085 2817 in
1104 2775 1171 2820 me·

194 2869 325 2931 moriam
345 2881 489 2929 revocem
508 2868 596 2928 hero.
639 2865 807 2946 lingnifieio
827 2865 932 2928 vorbis
952 2866 1066 2929 utitur.

175 3015 184 3029 ·
236 2977 286 3040 Vt.
308 2978 358 3039 37.
393 2978 462 3057 poia
483 2975 658 3037 oooeiote?
694 2976 747 3038 ct
776 2974 870 3037 Aead.
900 2985 935 3036 et
964 2974 1073 3056 Steph.
1103 2977 1172 3055 quir

196 3085 354 3148 nomint?
383 3085 484 3167 quod,
516 3085 577 3144 nisi
606 3086 675 3164 poia
701 3083 754 3145 hie
774 3103 831 3165 pro
852 3084 967 3163 aliquia
988 3093 1173 3164 usurpatum

195 3203 336 3256 statuere
355 3196 460 3269 malis,
484 3194 567 3255 sorte
587 3192 857 3273 anteponendum:
890 3193 1004 3272 aliquia
1025 3192 1110 3254 enim
1129 3193 1171 3252 li-

193 3312 247 3366 eet
267 3304 389 3385 saepius
407 3304 524 3383 plurali
544 3304 687 3384 imperat.
704 3303 869 3384 jungitur,
892 3298 995 3382 (Epid.
1016 3301 1046 3362 3.
1069 3301 1169 3378 &183

193 3412 273 3474 llen.
296 3414 326 3474 l.
348 3414 377 3473 2.
400 3422 504 3490 extr.;
527 3412 619 3474 llere.
642 3415 671 3474 5.
694 3414 724 3475 2.
747 3415 806 3491 703
829 3413 856 3474 1.
878 3412 910 3473 2.
932 3410 986 3493 21)
1006 3421 1040 3472 et
1059 3412 1171 3473 Donat.

194 3523 235 3583 ad
264 3524 334 3584 Ter.
363 3522 497 3604 Adelph.
529 3525 558 3584 i.
586 3524 616 3584 1.
646 3524 685 3584 iul
713 3531 836 3596 monet,
868 3523 954 3603 quit,
986 3521 1101 3602 aliquit
1139 3531 1173 3583 et
1248 3577 1250 3580 ,

193 3634 355 3713 qnisquam
376 3652 439 3694 non
458 3634 624 3695 observare
645 3642 782 3707 veteres,
805 3651 869 3714 qno
888 3649 1021 3712 genere,
1046 3641 1101 3693 aut
1108 3649 1173 3710 quo

192 3761 324 3804 numero
350 3743 561 3818 declinarent,
603 3745 672 3826 poia
702 3753 806 3807 tamen
833 3760 994 3823 nunquam
1023 3741 1067 3804 eie
1097 3761 1173 3803 eon·

190 3860 346 3912 structum
374 3852 532 3915 inveniar:
563 3852 604 3915 ol.
631 3851 725 3914 Arist.
757 3853 840 3915 Plut.
865 3851 953 3914 1197.
979 3855 1026 3916 ait
1046 3853 1172 3913 Πλοῦτον

191 3956 402 4039 linientem&
425 3961 480 4023 ubi
488 3961 522 4022 in
531 3962 717 4043 quibusdem
726 3961 807 4026 malo
816 3962 936 4025 editum
946 3961 1072 4023 videtur
1080 3960 1172 4020 κάλει.
