2670 5146
622 409 721 499 too
776 484 780 490 .

238 678 289 720 rs.
313 655 444 742 Ecquid
457 664 595 740 argutus
608 653 686 718 enti
710 671 768 718 cn·
784 650 952 719 Malorum
963 655 1148 724 facinorum

928 774 1150 858 saepissume.

242 909 294 951 es.
320 883 432 963 Quid,
454 905 528 950 eum
540 885 720 949 manifesto
733 883 888 949 teneturl
922 907 981 951 ca.
1005 886 1151 976 Anguil-

875 998 978 1081 la’st‚
994 1001 1152 1070 elabitur.
1175 1004 1176 1008 ’

243 1139 292 1182 rs.
312 1108 451 1203 ¹Ecquid
463 1116 494 1179 in
508 1114 606 1180 homo
619 1116 727 1179 scitus
740 1113 816 1179 esti
850 1137 908 1180 ca.
932 1115 1155 1184 Plebisci'tum

872 1252 937 1295 non
951 1246 1003 1298 est
1015 1236 1151 1302 mitius,

241 1370 294 1415 es.
317 1345 447 1412 Probus
471 1344 665 1423 humectat,
702 1357 739 1409 ut
762 1347 957 1432 praedicare
984 1362 1018 1414 te
1039 1351 1152 1416 audio.

791 1479 850 1525 ca.
874 1462 979 1528 Immo
990 1466 1023 1528 si
1038 1468 1152 1549 scias,

176 1586 234 1647 60.
246 1578 316 1646 Ubi
340 1591 372 1643 te
384 1579 584 1664 aspexerit,
608 1575 758 1643 narrabit
770 1576 858 1642 ultro
870 1579 951 1665 quid
964 1601 1040 1645 sese
1052 1580 1154 1647 velis.

245 1695 312 1761 Sed
324 1694 407 1783 qnid
419 1716 456 1759 es
468 1691 631 1758 acturnul
667 1715 720 1758 rs.
744 1691 889 1774 Dicam,
914 1675 1154 1779 ubihominem

921 1833 1129 1878 exornavero
1143 1859 1153 1876 .

246 1925 473 1992 Subditicium
496 1922 574 1988 fieri
586 1944 648 2010 ego
662 1921 760 1990 illum
771 1922 896 1989 militis
911 1944 1041 1990 cervom
1053 1926 1129 1992 volo
1142 1951 1152 1994 ε

245 2039 440 2128 Symbolum
451 2038 538 2104 hunc
550 2040 637 2104 ferat
648 2037 763 2104 lenoni
776 2061 850 2104 cum
862 2042 1011 2128 quinque
1022 2045 1156 2129 argenti

1027 2179 1130 2224 mrurr

241 2271 423 2339 Mulierem
444 2271 485 2368 ab
511 2268 630 2336 lenone
652 2268 808 2335 abducat.
843 2270 931 2336 Hem
949 2205 1155 2338 tibiomnenl

991 2386 1153 2453 fabulam.
1173 2426 1175 2430 ι

175 2501 403 2571 650‘Ceterum
416 2525 481 2591 quo
495 2503 638 2589 quicque
647 2514 745 2589 pacto
762 2503 891 2582 iaciat,
914 2504 985 2590 ipsi
997 2504 1133 2599 dixero.

243 2639 300 2686 cr.
326 2618 416 2695 Quid
427 2640 514 2683 nune
526 2620 635 2705 igitur
646 2618 799 2684 utamur?
822 2640 874 2684 rs.
887 2618 1067 2685 Hominem
1079 2641 1155 2686 cum

776 2737 980 2802 ornamentis
1000 2735 1154 2802 omnibus

266 2915 310 2963 58.
328 2919 368 2960 est
385 2912 488 2961 anitati
507 2911 554 2962 uh.
568 2928 598 2977 p.
617 2925 672 2960 non
689 2925 772 2975 oeque
789 2911 887 2960 scitum
905 2916 954 2962 eet,

262 3009 306 3059 60.
325 3009 390 3073 quid
406 3023 461 3055 erre
478 3006 555 3058 velie.
590 3005 632 3058 64.
651 3005 778 3082 adducet.

220 3161 270 3219 Vs.
300 3160 349 3219 56.
381 3169 532 3239 coyntae:
562 3160 654 3238 jocus
684 3159 718 3238 in
744 3156 864 3237 duplici
891 3155 979 3216 verbi
1005 3156 1151 3231 notione,

175 3269 360 3349 inuenietur
378 3276 410 3327 et
428 3269 596 3328 convictus.

219 3377 270 3436 Vs.
310 3377 358 3436 60.
396 3378 473 3453 qaid
497 3397 561 3436 oeae
579 3375 673 3449 celio,
712 3375 781 3438 scil.
810 3393 921 3454 agere:
975 3375 1054 3434 Cave
1083 3393 1152 3433 ore-

177 3485 247 3557 dao,
269 3503 335 3544 esee
353 3484 434 3557 abl„
462 3484 627 3545 intellecto
645 3485 682 3544 de
700 3484 752 3544 vel
769 3503 829 3570 ea:
856 3479 993 3544 ablativo
1006 3480 1153 3559 junctum

178 3591 306 3669 quidem
331 3592 418 3654 video
441 3594 572 3654 verbum
598 3593 677 3654 colle
692 3592 771 3654 llen.
789 3593 818 3652 2.
841 3592 869 3653 l.
888 3591 944 3652 tl:
974 3590 1028 3652 sed
1045 3590 1092 3650 ibi
1108 3591 1154 3655 sic

176 3700 368 3780 explendus:
406 3703 481 3781 qaid
507 3703 544 3761 de
568 3722 602 3761 eo
629 3703 678 3762 cic
694 3703 821 3781 facere,
854 3719 936 3778 quae
959 3699 1154 3761 constructio

176 3807 428 3887 frequentissime
446 3810 528 3892 apud
545 3811 690 3874 Plautum
708 3810 831 3872 obviam
847 3808 894 3869 fit.

217 3917 268 3979 Vs.
284 3919 334 3981 66.
360 3921 572 3983 ornamentis:
600 3919 739 4001 suspicor
755 3918 865 3979 ludum
881 3917 983 3980 inesse
999 3916 1076 3977 huic
1094 3933 1147 3974 vo-

174 4026 307 4104 cabulo,
347 4030 433 4108 quod
459 4039 521 4095 tam
548 4030 588 4095 de
613 4029 753 4102 vestibus
777 4023 917 4111 (proprie
933 4023 1099 4092 mulierum
1118 4029 1150 4083 ct
