2670 5146
621 407 702 481 lid

239 684 292 728 co.
302 655 407 735 Quidl
420 675 476 721 nn.
489 646 1040 736 Utteaaraem,nequidautripiaa
1047 652 1153 719 mihi.

237 796 292 842 co.
317 772 357 838 Si
369 770 480 837 credis
494 815 505 848 ,
518 786 673 840 numm0;
694 765 725 828 si
738 783 803 828 non
816 806 827 841 ,
840 783 883 833 na
894 766 986 829 mina
997 768 1152 854 quidem.

239 888 308 955 Sed
330 899 442 952 utrum
464 883 583 948 amicis
604 880 728 959 hodie,
759 901 800 944 aa
822 881 975 947 inimicis
997 885 1068 949 tuis

237 1003 388 1071 Daturus
401 996 562 1065 coenanti
597 1016 653 1063 aa.
678 992 742 1059 Pol
754 1015 816 1082 ego
830 997 974 1077 amicis,
1000 997 1152 1066 scilicet.

173 1127 229 1189 90.
239 1117 392 1195 co.Quin
399 1128 437 1180 tu
450 1113 531 1179 illos
543 1113 701 1179 inimicos
712 1113 940 1199 potiusquam
950 1115 1077 1181 amicos
1090 1138 1150 1182 vo.

1070 1253 1149 1300 aas:

237 1350 325 1419 Nam
347 1350 480 1437 agnita
503 1347 656 1412 convivis
681 1364 816 1409 coenam
840 1344 1007 1411 conditam
1030 1345 1113 1411 dabo
1188 1429 1196 1455 9

237 1465 375 1543 Hodie,
399 1475 500 1550 atque
520 1461 570 1524 ita
592 1461 760 1524 suavitate
782 1458 958 1538 condiam,

237 1579 288 1646 Ut
310 1580 454 1667 quisque
477 1576 621 1664 quicque
644 1574 814 1639 conditum
837 1578 1051 1661 gustaverit,

238 1697 337 1783 Ipsos
360 1692 430 1758 sibi
452 1692 574 1757 faciam
597 1702 634 1754 ut
657 1689 783 1776 digitos
804 1689 981 1776 praerodat
1002 1713 1097 1758 auos.

176 1815 230 1889 95.
239 1832 295 1877 nn.
311 1807 445 1885 Quaeso
457 1804 584 1886 hercle,
597 1808 794 1894 priusquam
807 1807 984 1895 quicquam
995 1810 1150 1876 convivis

1029 1928 1148 2009 dabie,

239 2043 381 2109 Gustata
403 2052 476 2105 tute
497 2040 619 2125 prius,
644 2051 678 2117 et
699 2037 879 2125 discipulis
904 2041 1004 2122 datu,

236 2158 286 2226 Ut
306 2155 514 2246 praerodatia
537 2164 670 2219 vostras
693 2151 864 2220 furtificus
885 2175 1018 2223 manus.

159 2310 162 2315 ·
241 2297 296 2341 co.
320 2269 573 2339 Fortassuhaea
598 2280 635 2333 tn
655 2269 840 2334 nunemihi
858 2273 1053 2341 nonaredas
1067 2300 1152 2365 quaa

1020 2389 1055 2455 lo
1079 2414 1150 2459 uor.

239 2500 471 2571 nnMolestus
485 2501 743 2580 unianimam
752 2414 1151 2594 jamtinnisfflonpiduea.

242 2692 287 2746 87.
305 2693 331 2742 ιι·
346 2691 466 2741 reddidio
481 2705 577 2739 numos
593 2704 664 2739 meon
680 2704 714 2738 aa
729 2696 834 2743 metuas
851 2694 926 2757 qaid.

243 2787 287 2840 92.
305 2789 429 2837 suaviter
445 2786 589 2836 conditam.
625 2786 667 2836 96.
685 2791 763 2850 quatu
781 2793 847 2837 tate.

216 2913 267 2973 Va.
297 2912 347 2972 87.
369 2913 398 2970 ai
415 2911 516 2970 aredis
534 2930 674 2983 nummo,
707 2920 772 2971 eto:
805 2912 832 2972 si
850 2912 929 2974 mihi
949 2915 1068 2992 aradis,
1101 2940 1152 2981 mu

175 3040 231 3104 par
260 3029 346 3081 tuam
372 3018 497 3080 domum
516 3038 586 3080 meo
604 3018 761 3081 arbitratu
780 3040 952 3084 commeare
970 3024 1063 3101 uinis,
1094 3029 1153 3092 ho-

174 3129 290 3191 minem
310 3127 407 3190 aliani
426 3127 635 3189 abstinentem
655 3128 758 3203 ducis,
788 3130 849 3192 hoc
870 3141 902 3192 ta
921 3133 1039 3198 donabo
1058 3157 1165 3201 num·-

175 3259 244 3301 mo:
276 3234 336 3318 (sio
355 3237 439 3297 enim
458 3256 523 3298 non
542 3237 740 3311 observatus,
772 3239 873 3301 iurari
891 3243 1030 3322 potarat)
1048 3247 1075 3305 si
1095 3267 1152 3309 vo·

174 3368 210 3409 ro
230 3345 309 3407 mihi
329 3345 405 3405 fides
424 3364 487 3405 non
507 3344 617 3420 habes,
648 3364 761 3423 maqua
781 3346 939 3409 observari
953 3350 1065 3428 jubes,
1088 3375 1154 3418 non

174 3454 226 3515 val
240 3455 325 3515 mina
340 3462 373 3512 te
387 3448 689 3531 docebo[omnis0il.
699 3453 825 3516 furandi
834 3456 1153 3546 occasionesublata).

216 3562 267 3622 Vs.
294 3563 344 3623 90.
373 3561 463 3623 illos:
492 3561 694 3625 suadentibus
714 3563 810 3625 Pareo
829 3565 863 3624 in
883 3564 972 3628 Anal.
992 3568 1096 3632 Plaut.
1119 3582 1153 3633 et

175 3671 303 3743 Piston,
334 3679 434 3731 matra
462 3670 598 3733 dandum
626 3671 681 3731 illo
700 3691 758 3752 pro
777 3671 868 3746 illac,
900 3693 963 3752 quo
981 3675 1065 3738 nihil
1083 3676 1152 3741 fre·

172 3776 331 3855 quentius.

214 3885 265 3948 Vs.
294 3886 343 3946 99.
373 3891 439 3967 jam
469 3907 592 3968 quoque
620 3900 721 3952 metro
750 3891 947 3970 adversatur,
984 3904 1094 3965 natum
1116 3907 1155 3959 ut

173 3993 299 4056 videtur
319 4013 355 4055 ax
376 3996 442 4055 ium
461 4016 564 4076 praec.
587 3999 732 4077 syllabae.
