2670 5146
721 324 776 399 56

279 630 284 637 .
324 564 486 653 Xystyli·
498 608 510 642 ,
532 564 586 631 see
597 576 635 629 ut
647 565 794 639 animum
806 533 983 646 advertat,
1009 574 1239 656 quojutema·

1054 698 1142 751 tores
1155 686 1244 755 olivi

326 796 496 883 Dynamiu
518 796 609 861 (lomi
631 793 755 861 hebent
776 815 978 868 maxumam.

325 912 463 981 Simili
475 910 696 998 noujemhuc
708 909 830 976 culleis
843 910 954 978 oleum
966 914 1182 1001 deportetur,

324 1029 375 1105 Te
398 1031 506 1114 ipsam
528 1025 638 1093 culleo
662 1044 810 1112 eguerat
823 1027 945 1093 tactam
964 1030 1237 1118 utdeporterein

278 1204 281 1211 .
1041 1147 1239 1234 pergulam:

262 1255 845 1338 80.1bitibiadooleotusdabitur,
868 1258 928 1329 ubi
940 1272 975 1324 tu
987 1259 1077 1327 haud
1088 1282 1239 1333 somnum

273 1392 277 1397 ·
1100 1382 1238 1466 capies,

326 1488 464 1558 Sedubi
475 1508 582 1576 utque
592 1487 634 1553 ed
644 1486 850 1576 languorem.
867 1488 978 1558 Tenes
990 1514 1146 1580 quorsum
1155 1494 1237 1564 haee

581 1584 586 1592 ¹
848 1606 1237 1700 tenduntquaeloquorl

347 1836 389 1890 76.
415 1836 545 1901 eliminant
561 1837 594 1886 in
610 1836 694 1887 dente.
730 1834 773 1889 78.
801 1837 851 1887 bac
875 1837 939 1887 ltine
956 1837 1058 1889 culleus
1074 1839 1150 1895 olivi.
1186 1842 1231 1895 cd.

450 1932 566 1983 Ambrae.
584 1932 758 1999 deportatum
774 1935 837 1984 erit.

303 2171 355 2231 Vs.
378 2169 428 2231 76.
469 2168 545 2228 olivi
565 2170 737 2248 dynamin.-
766 2170 884 2231 frustra
902 2171 1047 2231 nonnulli
1065 2172 1144 2234 haec
1164 2193 1236 2235 ver·

264 2282 306 2342 he
325 2284 544 2339 tentaverunt:
577 2277 654 2336 olivi
672 2296 730 2357 pro
750 2275 809 2336 olei
827 2278 1036 2352 notissimum,
1069 2289 1102 2341 et
1122 2275 1239 2345 Graece

261 2408 322 2449 vox
342 2384 494 2466 dynamin
513 2403 571 2463 pro
591 2385 673 2458 eim,
697 2387 831 2466 copiam,
864 2387 1021 2447 neminem
1040 2407 1115 2449 sane
1133 2387 1241 2453 mora·'

260 2497 364 2568 bitur,
395 2511 580 2565 memorem,
613 2492 758 2554 Plautum
788 2493 960 2555 innumeris
980 2495 1057 2557 loeis
1077 2496 1120 2558 sie
1140 2517 1234 2562 voea-

259 2588 336 2667 bula
355 2604 472 2664 Graece
492 2602 543 2661 vel
564 2602 703 2681 integre,
727 2603 778 2662 vol
798 2602 908 2664 Latina
927 2603 1095 2665 inflexione
1115 2625 1234 2670 sermo-

262 2714 297 2774 ni
325 2709 555 2772 interseruisse.
598 2708 676 2769 Vide
706 2693 816 2775 Mutet.
849 2712 919 2773 Ver.
951 2711 1035 2774 Lect.
1066 2714 1091 2773 Ι.
1121 2714 1169 2788 3.,
1202 2725 1236 2787 et

261 2821 380 2883 Vechn.
402 2819 522 2878 llellen.
544 2818 571 2879 Ι.
593 2819 622 2879 2.

300 2930 352 2991 Vs.
380 2929 428 2991 79.
470 2927 658 3008 Perqulam:
688 2929 820 3010 pergula
851 2938 897 2990 est
927 2929 1117 3005 tabulatum,
1151 2918 1263 3012 quod¹

260 3062 299 3102 ex
319 3039 448 3102 aedibus
467 3038 634 3119 prominet.
686 3039 741 3099 llie
761 3058 825 3098 non
845 3038 884 3099 de
904 3039 999 3119 ipsius
1019 3039 1140 3100 lenonis
1159 3060 1234 3121 per·

256 3151 331 3231 gula
350 3149 438 3229 loqui
458 3146 584 3208 videtur
604 3146 748 3222 Plautum
780 3146 834 3207 sed
854 3147 893 3207 do
913 3146 1054 3228 publiea,
1088 3147 1143 3207 ubi
1161 3168 1230 3210 me·

257 3259 390 3319 retriees
415 3256 540 3316 venales
559 3255 757 3337 prostabant,
788 3255 934 3334 quonium
954 3254 1057 3316 culleo
1076 3255 1155 3316 illue
1174 3255 1232 3325 ,ἀο-

257 3362 412 3444 portanda
433 3375 480 3424 est
500 3342 651 3445 llystylis,
682 3363 743 3423 nisi
762 3363 855 3426 dietis
874 3365 1075 3445 obsequetur.
1118 3365 1234 3426 Contra

257 3471 355 3530 sentit
384 3478 487 3530 tamen
518 3469 598 3532 Seal.
626 3469 660 3529 in
680 3470 839 3552 Castigatt.
870 3472 904 3532 in
930 3472 1020 3553 Prep.
1044 3471 1097 3533 lv.
1126 3472 1155 3533 5.
1178 3471 1229 3531 68.

258 3596 289 3658 p.
312 3578 382 3639 225.

298 3686 348 3747 Vs.
380 3686 428 3746 81.
467 3685 540 3747 haee
579 3689 730 3748 tendant:
783 3689 866 3750 solus
902 3690 995 3750 Grou.
1037 3689 1140 3750 emisit
1177 3709 1225 3762 te,

257 3793 381 3867 neseio,
405 3814 445 3856 nn
467 3796 519 3857 cd.
541 3796 635 3861 lead.
658 3798 864 3860 auctoritate:
886 3818 957 3860 nam
979 3807 1059 3871 teste
1078 3799 1175 3859 Pereo
1192 3797 1229 3857 in

258 3903 347 3965 Auel.
378 3903 498 3976 Plane,
532 3904 597 3965 llss.
629 3907 763 3971 habent:
796 3927 855 3987 quo
882 3929 913 3967 te
943 3908 1050 3968 haecne
1078 3906 1225 3983 tondant,
