2670 5146
698 383 775 460 178

289 652 293 657 ·
320 631 389 707 Qui
410 628 512 715 probe
533 625 652 691 Jonioo
673 624 864 711 perdidici:
891 627 949 693 sed
974 628 1180 714 pollioietirn
1199 661 1237 702 u.

1109 752 1237 817 miotue

258 866 312 928 30.
324 859 383 926 Sio
406 858 467 924 heo
491 858 620 922 inoeuei
642 854 870 921 ludibundus:
904 855 1066 943 plaudunt
1087 865 1240 947 partimg

749 969 1004 1054 clamitantem,
1020 986 1057 1040 ut
1068 990 1239 1046 revortar.

321 1082 451 1176 'Ooeepi
464 1087 571 1153 denuo
584 1086 645 1153 hoo
657 1086 752 1153 modo
767 1110 776 1153 ε
799 1085 892 1152 volvi
902 1088 1015 1157 idern:
1038 1093 1165 1158 emioee
1180 1095 1241 1160 du·

969 1202 1044 1269 bum
1055 1226 1108 1271 me
1119 1228 1218 1274 mene
1230 1253 1241 1286 ,

327 1319 375 1386 Ut
384 1336 438 1384 me
449 1331 597 1385 amaret:
625 1317 684 1382 ubi
702 1319 962 1395 circumvortor,
985 1319 1088 1386 oudo:
1114 1321 1150 1385 id
1173 1323 1246 1388 fuit

1034 1436 1134 1502 nenia
1145 1434 1244 1504 ludo.

327 1552 445 1638 Itnque
456 1550 534 1615 dum
546 1550 668 1627 enitor,
682 1569 750 1634 pux
762 1552 769 1612 ἔ
780 1554 851 1635 jorn
863 1570 968 1635 poene
980 1552 1158 1637 inquinavi
1167 1553 1244 1640 pel·

546 1693 570 1733 o
900 1663 983 1731 lium
1000 1689 1007 1733 ε
1033 1668 1160 1734 nimiae
1173 1682 1246 1736 tum

332 1869 374 1919 29.
394 1884 418 1932 q.
434 1865 548 1932 probum
564 1865 685 1916 lenonem
703 1880 796 1931 copore
812 1867 907 1919 didici.
942 1867 985 1918 30.
1005 1867 1077 1919 ubeut
1093 1868 1154 1922 imo.

334 1962 377 2014 31.
397 1963 446 2014 hoe
462 1963 539 2012 modo
554 1961 643 2014 nolui.
678 1961 723 2012 32.
740 1961 780 2012 etr·
796 1979 819 2013 e.
840 1979 861 2014 o.
881 1962 902 2012 i.
915 1964 945 2028 f.
963 1978 1056 2028 nempe
1074 1963 1146 2017 iudo.

336 2058 380 2110 33.
395 2058 514 2124 pallium
533 2063 645 2109 temeto:
663 2057 757 2111 obeunt
772 2057 873 2108 nimiae
892 2065 957 2109 tum.

272 2243 321 2305 Ee
339 2241 509 2324 discipline
526 2250 574 2301 est
594 2260 632 2301 ex
653 2239 835 2320 disciplinae
855 2241 1050 2320 praeceptis,
1075 2242 1168 2304 sicuti
1190 2245 1247 2306 do·

275 2350 340 2426 oeri
359 2351 438 2410 solet
457 2347 600 2410 saltatio:
625 2345 687 2409 Cio.
708 2347 749 2409 de
768 2346 837 2410 niv.
859 2347 901 2408 II.
922 2347 952 2409 3.
974 2347 1249 2413 Eodeminliteru‘r

271 2460 351 2521 ratio
371 2468 418 2518 eet
433 2458 622 2539 reliquitque
638 2457 742 2532 robur,
776 2478 906 2539 quorum
923 2468 969 2517 ert
985 2456 1165 2540 discipline.

312 2567 363 2627 Vs.
393 2568 442 2627 29.
467 2565 672 2650 palliolotim:
706 2565 809 2628 Lemb.
835 2565 1032 2648 palliolatue,
1063 2565 1146 2645 quod
1165 2568 1249 2630 forte

271 2697 310 2737 ex
330 2661 603 2756 interpretatione.

266 2854 273 2867 ⁴
313 2785 365 2845 Vs.
386 2786 435 2846 31.
458 2783 547 2845 sieut
565 2803 673 2844 verene
692 2783 787 2862 vulgo
805 2782 939 2864 legitur,
970 2782 1022 2847 vix
1043 2784 1182 2867 intelligi
1192 2805 1248 2865 po·

276 2902 355 2954 teot:
396 2899 569 2974 praeeunte
600 2888 725 2974 steph„
757 2891 851 2953 uliter
880 2890 1101 2974 distinguendo
1121 2903 1248 2955 senten·

275 3002 337 3065 tiae
356 2999 476 3062 mederi
495 3001 595 3081 potui.

311 3112 364 3173 Vs.
394 3110 443 3173 32.
474 3111 510 3171 id
530 3111 598 3188 suit
623 3111 720 3171 nenio
749 3110 841 3171 iudo:
871 3111 944 3188 quia
971 3111 1064 3173 nenia
1080 3120 1148 3172 erut
1165 3112 1250 3174 inter

275 3222 404 3297 ultime,
444 3238 526 3299 quoe
552 3220 792 3302 praestabantur
818 3219 986 3294 defuneto,
1027 3219 1099 3281 ideo
1126 3230 1158 3315 et
1186 3223 1251 3303 ipro

52 3344 56 3351 ’
156 3348 161 3353 ·
276 3348 501 3409 nonnunquam
530 3327 649 3391 exitum
674 3329 740 3390 eive
756 3327 903 3388 ultionum
920 3328 968 3388 rei
982 3327 1154 3409 significum
1180 3328 1253 3389 vide

277 3440 351 3501 intt.
379 3437 419 3500 ud
441 3437 521 3499 Fest.
550 3438 571 3498 i.
603 3457 633 3499 v.
664 3438 783 3511 neuim
810 3437 903 3498 Gron.
923 3435 956 3497 L.
977 3437 1009 3498 P.
1029 3456 1060 3517 p.
1080 3437 1149 3497 270.
1192 3435 1253 3497 Sed

278 3548 377 3628 magis
395 3545 511 3627 probe,
543 3545 628 3625 quod
645 3545 679 3606 in
698 3546 750 3609 Gd.
770 3545 883 3620 dead,
911 3554 942 3606 et
961 3545 994 3605 in
1012 3545 1119 3627 Steph.
1139 3546 1174 3605 id
1182 3547 1254 3623 fuit

281 3669 388 3738 nernpe
414 3657 501 3731 ludo,
539 3657 685 3735 quonium
712 3677 750 3716 ex
769 3673 814 3733 sq.
834 3672 878 3715 vs.
896 3652 1052 3727 videmus,
1081 3653 1157 3715 ludo
1172 3672 1253 3715 non·

280 3765 354 3826 dum
370 3764 466 3826 fuisse
484 3764 578 3827 finem
593 3766 781 3849 impositum.

321 3872 373 3936 Vs.
394 3874 442 3936 33.
461 3892 523 3958 poe
544 3885 591 3938 ert
610 3873 791 3956 interjectio
811 3876 942 3948 oomiou,
976 3873 1097 3952 origine
1118 3871 1252 3943 Graeco,

281 3982 528 4067 comprimentis,
553 3992 585 4044 et
606 3984 694 4064 quusi
714 4003 785 4047 oum
804 3981 993 4046 verecundie
1014 3979 1175 4042 silentium
1195 3977 1254 4041 eibi
