2670 5146
638 426 716 502 138

262 673 446 763 Postquam
457 666 866 757 Polymachaemplaoirlae
879 666 1031 738 elocutus
1050 695 1171 743 nomen

1120 816 1170 858 ee.

73 932 76 936 ·
184 907 316 975 ‘Illam
336 899 648 991 Sedquidagitiel
672 921 723 964 en.
748 897 844 974 Quod
855 899 951 966 homo
965 903 1085 990 edepol
1098 909 1166 973 for.

683 1014 728 1078 tis
742 1059 751 1091 ,
766 1026 865 1101 etque
877 1015 1021 1082 bellator
1030 1022 1167 1106 probus.
1204 1026 1209 1037 '

263 1135 330 1200 Sed
341 1154 482 1221 propere
492 1131 576 1198 huno
587 1127 758 1234 pellegere
771 1150 896 1215 quaeso
908 1131 1107 1216 epistolam,
1120 1139 1165 1201 ita

904 1249 1078 1333 negotium
1090 1265 1142 1316 eet
1154 1298 1163 1331 ‚

261 1362 373 1453 Atque
385 1363 538 1448 accipere
549 1371 722 1448 argentum
733 1371 905 1438 actutum,
924 1360 1164 1454 mulieremque

897 1474 983 1539 mihi
997 1480 1161 1546 emittere.

258 1590 345 1658 Num
366 1610 504 1656 neeesse
525 1587 627 1652 hodie
651 1585 791 1671 Sicyoni
817 1609 868 1652 me
890 1611 988 1668 esse,
1016 1605 1074 1656 aut
1092 1616 1161 1659 arao

861 1716 999 1768 montem
1013 1711 1157 1796 exequi:

247 1809 528 1888 ¹Itaherusmeus
541 1831 594 1883 est
614 1819 830 1904 imperiosus.
855 1837 910 1883 nu.
934 1817 1049 1901 Novi,
1074 1826 1160 1890 notia

996 1936 1160 2003 medicae.

188 2056 243 2118 40.
255 2073 305 2118 eu.
330 2049 476 2136 Pmpem
485 2043 657 2135 pellegere
670 2043 847 2132 epistolam
860 2070 951 2134 ergo.
965 1955 1020 2114 ll.
1034 2049 1075 2115 Id
1088 2074 1160 2139 ago,

877 2162 910 2226 ei
923 2175 1033 2230 taceas
1046 2166 1155 2243 modo.

251 2279 355 2346 Miles
378 2277 493 2343 lenoni
517 2273 666 2342 Ballioni
688 2273 867 2361 epistolam

255 2456 299 2514 34.
318 2461 390 2512 abeat
406 2475 444 2514 or.
478 2460 522 2511 38.
540 2475 646 2510 mereare
663 2467 711 2511 eal.

228 2616 278 2676 Vs.
309 2614 358 2673 38.
390 2621 514 2671 mortam
537 2613 666 2692 eaequi:
691 2613 713 2674 i.
734 2632 761 2672 e.
781 2612 882 2686 ferre,
904 2616 1027 2675 subire:
1073 2619 1159 2699 Copt.

185 2727 219 2798 2,
250 2724 283 2795 l,
318 2722 345 2780 1.
366 2738 547 2780 aerumnam
565 2721 712 2799 erraqm'5
741 2721 828 2782 Trin.
848 2723 884 2795 3,
914 2724 948 2796 2,
977 2724 1016 2784 60
1034 2729 1161 2808 oreoqm‘

182 2837 355 2911 egestatem.

179 2972 182 2977 ·
225 2937 277 2997 Vs.
308 2935 359 2996 39.
386 2934 569 3017 imperiosae
588 2936 773 3016 plerumque
791 2937 825 2998 in
843 2939 954 3000 malam
971 2951 1094 3020 partem
1111 2944 1161 3005 di·

97 3104 99 3109 ,
180 3045 280 3120 citur,
320 3063 377 3125 pro
404 3043 496 3103 nimis
521 3064 644 3117 severo,
685 3047 865 3123 tyrannico,
906 3068 1005 3109 saevo.
1049 3050 1102 3111 sio
1123 3051 1160 3134 I..

179 3153 325 3226 Manlius,
355 3151 410 3229 qui
431 3151 530 3212 filium
549 3172 638 3212 suum
657 3152 778 3226 Titum,
809 3153 928 3213 nullius
945 3155 1054 3234 probri
1070 3176 1158 3219 oom-

180 3271 306 3343 portum
313 3305 321 3334 ,
349 3280 403 3321 ruo
431 3259 572 3339 relegat,
601 3270 696 3337 utque
713 3259 747 3319 in
764 3260 922 3339 ergastula
939 3260 1043 3335 dedit,
1072 3263 1158 3344 apud

178 3368 244 3430 Liv.
266 3369 336 3428 VII.
357 3368 385 3428 3.
406 3386 452 3446 eq.
483 3367 652 3450 Imperiosi·
665 3388 836 3448 cognomen
853 3369 967 3430 habet:
994 3369 1076 3430 filius
1094 3370 1156 3434 hu·

171 3475 224 3554 jus
251 3476 315 3537 Titi
341 3475 529 3558 Imperiosus
556 3477 659 3550 ondit,
694 3476 760 3536 Liv.
785 3475 837 3537 IV.
865 3477 920 3551 29,
949 3476 1024 3554 quia
1044 3478 1154 3541 oonoul

174 3583 291 3658 filium,
318 3593 428 3646 contra
444 3586 542 3665 patrie
560 3583 698 3647 edictum
715 3583 825 3646 eastris
842 3604 999 3663 egressum
1016 3585 1056 3648 ad
1071 3607 1153 3667 pug-

175 3690 328 3764 nandum,
350 3694 491 3770 quamvis
507 3693 658 3756 viatorem
678 3692 781 3753 securi
798 3691 923 3772 perouti
937 3693 1043 3771 jussit.
1075 3693 1154 3757 Hinc

173 3799 305 3883 imperia
340 3800 505 3863 Manliana
539 3804 573 3863 in
606 3799 806 3884 proverbium
838 3800 1003 3863 abierunt:
1038 3798 1081 3864 os.
1108 3801 1151 3864 id.

173 3907 267 3982 ibid„
309 3916 343 3971 ot
368 3907 432 3970 Cio.
453 3909 493 3971 de
511 3910 578 3972 Fin.
603 3910 719 3979 laea
741 3943 781 3956 —
800 3909 1003 3989 motmuotiue
1019 3929 1079 3990 pro
1094 3910 1150 3985 iis,

175 4018 232 4094 qui
249 4027 425 4080 noverunt:
461 4018 500 4080 ef.
521 4018 604 4080 llott.
624 4018 663 4081 ud
681 4018 743 4081 Cio.
763 4018 797 4079 in
815 4018 904 4089 Verr.
924 4016 989 4079 lib.
1009 4015 1035 4078 l.
1056 4019 1085 4081 7.
