2670 5146
546 372 701 446 .80

192 619 267 682 130.
278 612 329 680 Do
351 615 438 680 istae
462 635 523 692 re,
548 624 605 677 eut
626 613 660 677 si
681 612 723 676 de
745 615 1172 698 eoreuuquamiutoruos

917 729 1169 810 convenimus,
1189 776 1192 783 ·

274 843 382 921 Quasi
406 846 442 908 in
464 841 552 909 libro
564 865 638 909 eum
661 843 856 909 scribuntur
867 841 993 909 calamo
1016 842 1168 926 literae,

271 958 375 1026 Stilis
399 980 452 1023 me
475 970 580 1023 totum
604 981 709 1045 usque
733 957 854 1024 ulmeis
879 959 1099 1026 conscribito.

272 1097 316 1139 si.
340 1075 458 1140 Iudice
480 1072 578 1139 ludos
602 1095 688 1140 nunc
708 1080 803 1162 jam,
827 1075 957 1163 quaudo
979 1073 1088 1141 lubet.

271 1211 322 1256 us·
345 1188 399 1256 Da
410 1191 447 1256 iu
459 1189 546 1255 huuc
559 1190 647 1256 diem
660 1212 792 1278 operum
805 1234 816 1269 ‚
830 1189 986 1277 Callipho
1000 1237 1011 1270 ,
1037 1213 1166 1279 quaeso

1044 1306 1162 1389 mihi,

186 1427 262 1494 135.
273 1422 327 1492 Ne
349 1445 413 1512 quo
437 1435 470 1487 te
492 1421 535 1485 ad
557 1420 650 1485 uliud
673 1444 816 1509 occupes
837 1424 1023 1508 negotium.

270 1561 325 1607 ct.
352 1537 443 1615 Quin
467 1560 524 1603 rus
537 1540 589 1602 uti
601 1538 713 1618 irem,
733 1542 805 1624 jum
816 1537 891 1603 heri
904 1540 1159 1604 constitueram.
1183 1577 1185 1581 ·

268 1678 321 1722 us.
345 1655 393 1720 At
414 1675 500 1717 nuuc
514 1652 690 1734 disturba,
717 1674 798 1742 quas
812 1655 965 1718 tutuisti
974 1652 1159 1721 machinas.

270 1792 325 1837 cs.
349 1766 450 1836 Nunc
471 1791 535 1834 non
560 1769 654 1835 abire
677 1781 804 1834 certum
826 1783 879 1835 est
901 1771 988 1839 istae
1011 1773 1137 1859 gratia:

258 1873 401 1952 'Lubtdo
425 1899 477 1950 est
498 1883 597 1950 ludos
622 1899 695 1950 tuoe
718 1898 895 1972 spectare,
920 1885 1103 1953 Pseudolo.

185 2005 261 2069 140.
270 2002 315 2067 Et
338 2006 371 2067 s‘i
393 2002 481 2066 huno
504 2000 626 2066 videbo
652 2021 717 2065 uon
740 2001 818 2065 dare
843 2015 1017 2088 argentum
1038 2002 1129 2082 tibi,

268 2115 365 2193 Quod
378 2116 471 2182 dixit
484 2161 494 2194 ‚
517 2119 630 2202 potius
645 2138 743 2204 quam
756 2115 792 2180 id
804 2138 868 2181 uon
879 2115 939 2181 fiat
952 2163 963 2197 ,
983 2141 1045 2205 ego
1059 2119 1155 2185 dubo.

271 2256 314 2299 si.
337 2229 614 2300 Nondemutub'o.
646 2251 697 2298 es.
722 2229 874 2320 Namque
886 2231 1027 2320 edepol,
1047 2236 1081 2300 si
1092 2255 1155 2300 nou

1030 2347 1152 2430 dubis,

270 2458 421 2529 Clamore
443 2485 562 2550 magno
585 2477 619 2529 et
640 2462 781 2530 multum
802 2464 1012 2552 flugitabere.

268 2577 398 2666 Agite,
423 2577 610 2645 amolimini
634 2580 714 2645 hino
734 2602 794 2644 voe
818 2580 906 2644 intro
928 2602 1014 2645 nuno
1034 2585 1132 2666 jum,

186 2694 323 2763 145.Αο
343 2695 429 2758 meis
456 2696 614 2760 vicissim
637 2695 711 2760 date
732 2694 842 2761 locum
864 2693 1027 2761 fallaciis.

265 2860 323 2946 mi.
342 2896 438 2946 tuem
463 2895 574 2947 catomo.
625 2896 683 2949 142.
710 2897 772 2948 cm.
797 2897 898 2965 pergit:
928 2914 985 2979 „qn
1008 2899 1151 2951 enecato.

264 2990 323 3042 144.
341 2992 511 3043 amovemini.

219 3182 270 3244 Vs.
301 3184 368 3247 133.
391 3185 500 3246 ludos:
527 3186 725 3267 ambiguum
756 3206 828 3249 nam
845 3205 916 3247 cum
940 3185 980 3245 do
997 3185 1152 3247 circensi·

180 3288 239 3354 bus
257 3292 365 3354 aliisve
382 3294 470 3372 loqui
488 3294 615 3355 videtur
642 3295 739 3369 Simo,
771 3313 848 3374 quos
865 3278 963 3353 in'dioi
979 3312 1045 3354 mos
1063 3303 1148 3368 emt,

177 3420 288 3462 revera
309 3401 464 3480 signifieat
488 3402 642 3478 fallacias,
672 3420 748 3482 quos
774 3422 806 3464 so
832 3401 990 3462 editurum
1003 3401 1149 3480 jactave-

178 3518 228 3570 rat
246 3508 423 3571 Pseudolus.
465 3511 563 3588 Ludi,
592 3512 780 3595 simplicitur
796 3513 841 3576 sio
857 3513 952 3586 dicti,
974 3511 1056 3592 apud
1075 3531 1149 3593 pos·

178 3618 302 3678 terioris
335 3621 404 3681 aevi
432 3623 599 3703 scriptores
622 3642 743 3704 semper
764 3622 989 3702 intelliguntur
1011 3621 1147 3697 scenici,

178 3727 372 3806 tragoediae,
405 3732 597 3805 comoediae,
631 3731 717 3792 mimi
740 3739 816 3790 eto:
844 3730 885 3793 ci.
906 3730 979 3792 Ero.
1001 3728 1042 3792 ad
1057 3729 1146 3791 Suet.

174 3835 256 3897 Coos.
275 3834 324 3896 39.
345 3835 407 3896 Cio.
427 3837 466 3897 ud
483 3838 550 3900 oiv.
567 3838 603 3900 X.
622 3840 672 3902 32.

213 3942 263 4004 Vs.
284 3944 352 4006 1t5.
373 3943 533 4005 vicissim:
553 3947 575 4010 i.
594 3966 622 4012 o.
641 3958 769 4024 oootru5
788 3968 893 4011 sensus
910 3956 973 4009 est:
996 3966 1054 4026 ego
1067 3965 1143 4026 pro·
