2670 5146
713 325 768 403 68

323 567 456 660 Populo
471 567 605 637 viritim
624 565 735 655 potuit
756 561 983 651 dispertirier.

324 688 366 757 Id
386 708 429 753 ne
451 697 489 753 tu
509 683 674 761 miraris,
697 680 730 746 si
749 680 913 769 patrissat
934 677 1058 745 filiast

326 825 378 872 rs.
400 802 421 864 it
442 806 512 877 Ζεῦ,
536 818 634 889 qaam
655 799 756 886 pauci
780 799 864 865 estis
888 795 1244 866 bomineacommodii

345 1024 389 1077 26.
408 1024 531 1075 viritem.
566 1019 610 1072 27.
622 1020 756 1085 patrizat.
791 1019 835 1071 28.
854 1036 917 1120 pecs
933 1010 1017 1090 profi
1039 1018 1106 1074 Ζεῦ.

261 1206 350 1269 Inter
369 1201 447 1264 alios
464 1198 580 1260 multos
614 1196 655 1258 cf.
684 1197 789 1258 Barm.
813 1195 853 1259 ad
879 1199 993 1262 Phaed.
1022 1201 1075 1262 IV.
1108 1203 1158 1264 17.
1188 1204 1240 1266 31.

381 1309 452 1372 Noa
470 1317 538 1368 octo
558 1306 687 1381 dimitti,
719 1326 827 1366 oerum
845 1309 983 1368 cruciari
993 1310 1092 1388 fasne.

261 1422 330 1485 scil.
346 1420 465 1503 jubeo:
485 1425 518 1477 et
549 1415 642 1475 Gron.
674 1413 757 1474 Obss.
789 1413 840 1475 lv,
870 1415 899 1474 2.
942 1415 1071 1477 Plautus
1091 1418 1240 1479 domuum

261 1538 296 1593 et
307 1527 469 1608 stapitiam
488 1522 636 1603 copulare
656 1529 756 1598 amat;
779 1521 852 1581 vide
873 1519 967 1584 iicrc.
988 1523 1025 1597 2,
1051 1523 1161 1599 1213,
1186 1524 1240 1587 ubi

254 1639 365 1719 secere
384 1642 472 1695 recte
500 1650 558 1713 pro
574 1630 668 1712 pati:-
695 1628 835 1707 ejusdem
853 1628 916 1689 sab.
939 1631 976 1702 i,
999 1631 1036 1703 i,
1060 1630 1118 1703 tt,
1150 1629 1237 1693 alibi.

263 1747 327 1809 Cic.
363 1744 398 1804 in
434 1741 523 1802 Verr.
563 1738 630 1799 bib.
660 1737 677 1797 I
706 1757 736 1801 c.
768 1734 807 1797 12
840 1736 949 1798 eadem
977 1737 1107 1798 notione
1131 1738 1240 1820 jamgit

262 1855 394 1927 damac,
427 1859 461 1912 et
480 1849 649 1922 dedecora3
679 1845 734 1906 ubi
755 1846 903 1906 damnum
923 1845 962 1906 de
980 1846 1104 1925 jactura
1125 1848 1175 1909 rei
1193 1848 1238 1911 ia·

261 1960 393 2026 miliaris
413 1958 574 2039 usurpari,
607 1958 672 2037 ipse
692 1955 779 2017 locus
799 1953 909 2029 docet,
937 1963 971 2015 ct
992 1955 1126 2017 ulterius
1145 1957 1239 2019 Grae·

261 2071 331 2137 vius
358 2068 509 2129 illustrat.
559 2063 742 2148 Saepissime
770 2072 873 2124 tamen
891 2064 1056 2144 flaqitinm
1075 2064 1160 2143 apud
1182 2065 1239 2127 Co·

261 2180 360 2242 minos
394 2187 442 2238 est
470 2195 528 2257 pro
554 2172 796 2254 efflapitatioae,
835 2172 991 2245 convicio,
1033 2170 1242 2255 adpellatioae

259 2288 406 2358 ammosa,
429 2282 614 2364 praesertim
633 2279 825 2341 creditorum
846 2275 1091 2360 (flagitatorum,
1111 2279 1202 2342 Most.
1210 2282 1243 2343 3.

260 2396 291 2457 2.
322 2394 381 2469 813
410 2393 474 2452 Cas.
505 2388 588 2450 Prol.
610 2387 681 2468 2t),
712 2380 803 2449 suum
821 2387 962 2467 improbe
983 2408 1019 2451 ao
1040 2389 1126 2450 clare
1145 2409 1241 2471 repe-

260 2501 414 2577 tentium3
455 2497 496 2559 cf.
526 2497 594 2575 huj.
623 2495 687 2556 sab.
720 2496 747 2557 l.
779 2497 809 2558 5.
842 2496 917 2574 1t33
957 2498 988 2558 i.
1020 2499 1047 2558 7.
1070 2498 1132 2574 1463
1175 2497 1242 2561 Me·

260 2609 404 2672 naechm.
435 2606 518 2667 Prol.
549 2605 605 2678 te,
647 2612 680 2664 et
708 2603 785 2666 alibi
814 2605 945 2684 saepius.
988 2605 1027 2664 In
1047 2605 1240 2668 Menaechm.

259 2721 329 2781 loco
348 2717 431 2777 nihil
451 2734 528 2794 opus
548 2721 596 2773 est
615 2712 655 2772 de
674 2712 880 2794 praeconibus
900 2713 1056 2792 cogitare,
1090 2715 1241 2793 quoniam

258 2827 310 2887 vel
329 2825 389 2885 hae
408 2822 534 2883 fabulae
554 2819 677 2882 abunde
697 2840 752 2881 nos
767 2821 895 2894 docent,
919 2821 1078 2900 injuriosis
1096 2822 1146 2881 his
1156 2842 1235 2884 con·

257 2933 365 3007 viciis,
396 2931 431 2991 in
460 2929 519 2990 viis
545 2929 673 3009 publice
694 2929 802 3004 sactis,
834 2929 915 2989 nihil
936 2930 1136 3011 frequentius
1156 2930 1239 2993 inis·

256 3062 308 3106 se:
331 3041 403 3102 vide
424 3040 547 3100 Festum
568 3038 590 3098 i.
611 3057 641 3098 v.
665 3048 834 3101 occentarc.
875 3039 919 3099 De
939 3039 1132 3119 Etymologia
1149 3042 1238 3103 vocis

249 3151 412 3234 flagitium
432 3147 484 3210 adi
502 3147 614 3208 Donat.
635 3146 763 3208 ad'Ter.
785 3147 862 3209 Eun.
884 3149 913 3208 2.
935 3149 964 3211 3.
987 3149 1039 3209 90:

298 3260 350 3321 Vs.
380 3259 429 3319 26.
454 3254 568 3339 populo
594 3256 717 3315 viritim
745 3257 962 3341 dispertirier:
990 3258 1237 3320 commodissime

258 3368 320 3431 hoc
340 3367 502 3428 illustrare
520 3372 649 3443 possunt
670 3363 740 3425 Aul.
766 3366 793 3425 1.
815 3367 845 3427 2.
867 3366 906 3426 29
926 3387 972 3446 sq.
992 3376 1024 3427 ct
1044 3367 1073 3426 2.
1090 3368 1119 3426 2.
1140 3368 1159 3428 2
1178 3389 1233 3451 sq:

261 3475 371 3537 Pseud.
393 3474 462 3534 Asc.
484 3472 523 3533 ad
543 3473 612 3535 Act.
635 3472 649 3532 I
669 3473 703 3533 in
724 3473 811 3535 Verr.
834 3473 848 3552 5
870 3474 925 3547 22,
960 3482 992 3534 ct
1012 3474 1091 3535 Ern.·
1106 3474 1147 3535 cl.
1169 3475 1233 3537 Cic.

212 3602 223 3620 ·
259 3583 281 3645 i.
312 3602 342 3644 v.
373 3582 503 3642 divisor.
545 3581 632 3642 Unde
651 3582 729 3642 mibi
749 3592 819 3645 tuto
839 3583 997 3661 conjicere
1015 3583 1141 3656 videor,
1173 3581 1236 3647 boc

258 3710 352 3753 versu
379 3710 443 3752 non
463 3690 620 3770 respicere
639 3692 859 3756 viscerationes
878 3699 1019 3773 poetam,
1051 3691 1105 3753 scd
1124 3691 1236 3753 candi·

260 3800 403 3864 datorum
423 3797 606 3878 largitiones
624 3801 800 3863 ministerio
819 3798 998 3861 divisorum.
1101 3880 1104 3885 ι

300 3909 350 3971 Vs.
372 3909 421 3970 28.
451 3909 614 3983 cernendi,
646 3930 761 3985 comes,
794 3908 917 3984 faciles,
944 3907 1081 3989 jucundi
1099 3909 1133 3969 in
1154 3927 1232 3969 con·
