2670 5146
625 344 708 421 130

175 597 229 659 ³0.
240 587 421 656 Memorem
432 586 656 649 immemorem
670 584 772 661 iacit,
794 585 853 671 qui
864 601 976 653 monet
987 591 1078 677 qnod
1089 615 1161 660 me.

617 718 688 762 mor
700 700 867 766 meminit.
889 697 1005 770 'l'eneo
1016 709 1156 789 omnia,

242 817 283 884 ln
316 827 451 903 pectore
484 811 618 877 condita
652 827 753 881 runt:
787 814 944 883 meditati
978 832 1058 886 sunt
1082 820 1157 887 doli

702 926 810 995 docte.
832 951 883 995 es.
897 930 1026 999 Probus
1040 932 1098 1001 hic
1110 950 1165 1003 est

243 1049 363 1116 Homo.
387 1068 432 1113 si.
445 1041 566 1133 Neque
577 1043 635 1109 hic
646 1056 718 1123 est,
733 1065 841 1132 neque
854 1068 929 1134 ego.
952 1069 1005 1115 ns.
1017 1049 1158 1119 Atride

567 1179 610 1224 ne
622 1158 764 1226 titubes.
787 1180 832 1226 ει.
846 1160 958 1227 Potin’
972 1176 1009 1229 nt
1020 1167 1161 1234 taceas!

249 1300 302 1346 rs.
327 1278 379 1346 lto
391 1297 444 1343 me
457 1273 520 1339 Dii
532 1289 655 1340 ament.
689 1297 733 1341 ιι.
756 1273 886 1341 Itanon
900 1278 1045 1359 socient,
1068 1302 1161 1348 mere

669 1456 672 1461 .
757 1394 829 1477 jam
840 1392 1015 1459 mendacia
1025 1395 1162 1463 fundes.

248 1531 301 1574 es.
325 1505 374 1573 Ut
385 1526 447 1590 ego
459 1501 501 1568 ob
514 1515 628 1580 tuam,
655 1502 786 1581 Simia,
807 1505 985 1591 perfidiam
997 1520 1031 1575 te
1043 1532 1117 1577 amo
1129 1525 1163 1579 et

759 1629 873 1685 metuo
887 1665 897 1698 ‚
913 1633 946 1686 et
957 1621 1139 1710 magnifico
1154 1627 1162 1691 l

189 1740 243 1804 35.
257 1759 299 1802 si.
323 1735 397 1823 Ego
408 1735 498 1800 istnc
509 1730 590 1798 aliis
605 1732 684 1800 dere
695 1733 879 1802 condidici:
894 1736 1166 1807 mihiobtrudere

829 1870 893 1914 non
905 1864 1002 1937 potes
1015 1851 1165 1943 palpum.

230 2084 280 2147 Vs.
300 2084 351 2146 31.
365 2081 482 2166 probes
501 2080 552 2141 dio
570 2091 617 2141 aot
635 2080 742 2142 homo:
756 2080 835 2142 haec
853 2080 1062 2146 tacitesocum
1070 2076 1166 2150 Pseu·

186 2194 293 2267 dolus,
325 2193 425 2253 itaut
444 2200 546 2252 tamen
566 2189 712 2252 exaudiat
730 2189 835 2251 Simia.
877 2189 988 2264 Ludit,
1011 2202 1048 2253 ut
1065 2194 1164 2268 solet,

189 2301 334 2381 ambigna
360 2298 589 2380 significatione
622 2298 707 2359 vocis
734 2298 869 2381 probus:
898 2319 970 2361 nem
999 2300 1170 2364 Pseudolus

108 2439 111 2447 ·
188 2418 318 2488 proptor
338 2427 391 2480 ea,
424 2423 504 2485 quae
531 2425 571 2467 ex
598 2406 692 2468 Simia
711 2407 891 2481 audiverat,
916 2409 1053 2470 animum
1073 2410 1170 2472 indu·

189 2517 251 2592 cit,
273 2525 310 2577 nt
330 2515 421 2575 illum
443 2514 603 2589 utibilem,
624 2515 772 2578 idoneum
788 2515 947 2578 hominem
965 2516 1169 2598 dicathoan.

188 2626 224 2699 3,
244 2626 280 2701 3,
298 2625 354 2703 673
373 2624 482 2698 Cas.5,
503 2624 538 2698 i,
557 2624 596 2701 23
617 2622 686 2703 huj.
705 2623 768 2686 feb.
788 2626 817 2687 l.
836 2626 865 2686 2.
880 2626 942 2705 lt).
985 2626 1079 2691 Simia
1094 2648 1171 2692 vero

191 2755 249 2816 pro
269 2734 367 2794 bonus
385 2732 512 2813 accipit.

230 2841 282 2902 Vs.
310 2843 360 2906 33.
388 2843 434 2901 ito
452 2861 499 2902 me
525 2841 585 2902 Dii
600 2853 724 2903 omem:
755 2842 902 2924 apodcsin
920 2845 1096 2909 sententiae
1115 2867 1171 2911 oc·

194 2949 322 3031 cupavit
363 2949 496 3025 Simiae,
532 2949 665 3012 dicens:
713 2971 799 3012 merc
832 2953 995 3013 mendacio
1020 2955 1173 3034 fundes:

193 3058 359 3120 continuat
383 3067 488 3120 tamen
515 3059 690 3121 orationem
716 3059 885 3122 Pseudolus
911 3079 955 3120 vs.
983 3079 1047 3138 sq.,
1081 3082 1119 3124 ac
1148 3065 1176 3125 si

195 3166 277 3228 nihil
297 3167 364 3231 ,sibi
391 3166 602 3229 interlocutus
628 3176 708 3229 esset
725 3168 838 3230 Simia:
867 3169 952 3246 quod
969 3189 1033 3230 non
1050 3170 1176 3233 intelli·

195 3285 306 3356 pentes
331 3277 540 3358 interpretes,
570 3276 783 3340 admirationis
807 3278 930 3358 signum
949 3277 1176 3358 adposuerunt.

197 3383 350 3446 Similiter
367 3383 497 3446 fortasse
515 3404 560 3446 ve.
579 3384 630 3446 36.
1158 3438 1166 3453 .

235 3491 287 3554 Vs.
308 3493 359 3554 35.
381 3491 542 3555 obtrudere
557 3493 700 3578 papium,
719 3495 859 3579 pulpam,
881 3494 974 3578 palpo
986 3506 1173 3579 percutere,

195 3600 323 3682 proprio
339 3609 387 3661 est
403 3602 508 3678 molli,
536 3602 651 3665 blanda
667 3623 762 3665 manu
780 3612 995 3666 contrectare:
1024 3603 1100 3666 hinc
1114 3624 1178 3686 pro

194 3707 330 3783 adulari,
361 3708 516 3786 blandiri,
544 3711 700 3774 adulando
718 3711 881 3794 decipere:
906 3711 947 3773 cl.
968 3710 1049 3774 Rnd.
1070 3711 1105 3785 1,
1135 3713 1172 3787 2,

192 3817 249 3893 38,
277 3816 431 3878 lomim
457 3819 588 3896 molum,
612 3823 795 3903 perjurum,
822 3819 1028 3903 palpatorem.
1075 3817 1175 3881 Turn.

193 3925 358 4009 adimple.
381 3928 416 4000 l,
444 3929 479 4003 3,
505 3928 535 3989 9.
