2670 5146
579 324 628 400 21

204 567 277 644 Quo
298 579 395 655 puoto
417 577 451 632 et
476 572 614 653 quantas
646 562 771 631 soleam
796 568 958 637 turbellas
981 571 1082 641 derel

204 706 260 751 ci.
294 684 336 750 ln
357 697 391 748 te
412 702 499 747 nuno
521 695 599 747 suut
616 701 734 748 ‘omues
758 705 836 770 spes
857 690 961 752 aetati
981 710 1086 755 meae.

118 806 194 868 110.
206 819 257 864 er.
282 797 390 863 Sotiu'
416 810 490 874 est,
515 797 547 860 si
571 795 656 861 hono
678 794 779 863 hodie
790 798 970 867 mulierum
982 802 1090 869 efficio

1000 917 1088 997 tibi,

205 1026 278 1094 Tua
300 1039 338 1092 ut
360 1027 432 1103 sit,
456 1037 514 1088 aut
537 1027 570 1089 si
591 1024 657 1089 tibi
680 1025 721 1091 do
743 1027 869 1114 viginti
891 1031 1026 1097 minaei

204 1167 259 1212 ot.
284 1143 400 1220 Setis,
426 1133 696 1209 si'futurumest.
719 1162 770 1207 rs.
796 1142 953 1231 Rogumo
965 1149 1091 1235 viginti

953 1264 1088 1343 mines,

204 1375 252 1442 Ut
273 1394 326 1438 me
349 1372 545 1437 effecturum
568 1370 657 1452 tihi,
683 1373 771 1460 quod
792 1378 959 1462 promisi,
984 1360 1096 1444 scius..

140 1542 144 1547 .
204 1490 298 1577 Roga
317 1478 457 1553 obsecro
479 1483 616 1563 herole;
644 1490 754 1575 gestio
776 1491 985 1574 promittere.

116 1612 257 1678 lidos.
280 1602 432 1672 Dabiene
451 1603 583 1689 argenti
603 1602 690 1667 mihi
703 1602 803 1669 hodie
814 1606 941 1691 viginti
952 1606 1087 1672 ruinosi

200 1746 250 1789 rs.
272 1718 392 1799 Dabo,
416 1718 578 1784 molestus
601 1739 688 1784 nuno
712 1721 781 1785 iam
805 1741 847 1785 ne
871 1724 921 1787 sis
943 1723 1043 1788 mihi.

196 1837 309 1924 Atque
331 1834 393 1899 hoo
416 1854 459 1899 ne
482 1832 608 1898 dietum
630 1833 696 1899 tibi
717 1856 846 1921 neges,
871 1836 947 1913 dieo
963 1808 1085 1924 prius,

201 1952 241 2018 Si
262 1952 428 2017 nemiuem
450 1946 554 2013 alium
574 1959 711 2035 potero,
748 1961 840 2015 tuum
873 1964 1005 2038 tangam
1026 1974 1085 2039 pu·

986 2080 1083 2132 trem.

197 2296 255 2348 114.
280 2294 385 2344 obsecro
402 2294 489 2344 hercle
506 2292 599 2343 duntur
616 2292 741 2344 Calidoro.

150 2492 200 2554 Vs.
227 2493 295 2554 108.
326 2489 491 2564 turbellas,
524 2498 556 2549 et
576 2488 711 2559 turbelas
737 2464 907 2571 utrumque
925 2499 1013 2550 reete
1031 2491 1080 2574 di-
1178 2544 1184 2551 .

112 2603 213 2664 oitur:
252 2600 340 2682 prius
376 2599 598 2659 diminutivum
632 2605 680 2659 est
706 2617 725 2658 a
752 2597 863 2673 torbo3
890 2598 1039 2660 ultorum
1065 2621 1083 2661 a
1117 2642 1119 2649 ι

111 2711 206 2771 verbo
233 2708 321 2768 turbo
346 2716 393 2768 ost
415 2706 607 2781 derivatum,
639 2716 677 2766 ut
693 2706 836 2787 querela,
867 2707 1009 2782 suadela,
1033 2717 1084 2766 to·
1179 2774 1182 2785 Ι

110 2819 184 2892 telo,
209 2816 399 2900 corruptela,
424 2816 568 2891 candele,
591 2824 625 2875 et
644 2815 758 2877 similia
776 2836 795 2877 a
814 2815 1080 2878 verbisuffinibus.

114 2926 264 3004 Quoniam
289 2945 365 2986 vero
388 2934 424 2985 et
447 2925 514 2999 hio,
547 2924 710 2986 et'Baooh.
733 2925 769 2998 1,
801 2924 836 2998 9,
861 2922 919 2984 let
938 2924 973 2983 iu
994 2924 1083 2985 libris

111 3034 177 3097 llos.
208 3043 242 3094 et
269 3034 362 3094 editt.
392 3042 470 3095 vett.
501 3032 620 3113 legitur
649 3032 814 3105 turbellae,
848 3050 912 3091 non
941 3031 1083 3092 ostentis

111 3163 236 3216 causae,
260 3163 317 3204 our
337 3163 408 3205 oum
429 3141 559 3205 lleureio
579 3150 744 3202 mutemus.
791 3139 947 3213 Torhore,
970 3148 1081 3199 ottor-

111 3251 162 3312 doe
192 3231 318 3311 turbore
347 3249 399 3310 vel
428 3250 501 3310 dore
527 3250 700 3312 sexcenties
717 3249 752 3308 in
768 3248 818 3309 his
836 3248 950 3309 sabulis
968 3248 1081 3309 dieun-

111 3367 164 3418 tur
190 3358 299 3433 sorvi,-
329 3359 385 3435 qui
415 3357 547 3420 fallaciis
565 3359 627 3418 ouis
648 3357 752 3419 omnia
771 3356 917 3430 miscent,
949 3364 986 3415 ut
1005 3372 1080 3416 cou-

111 3466 179 3529 oilio
207 3486 263 3527 sua
291 3475 520 3544 exsequantur,
550 3466 655 3528 doloso
681 3485 731 3525 reo
759 3463 1080 3538 turbulentorum,

111 3581 142 3632 et
171 3573 266 3634 tricas
294 3583 410 3635 astutos
438 3583 580 3648 movent,
617 3573 731 3652 quibus
760 3571 954 3652 propositum
983 3572 1083 3633 tutius

111 3691 271 3761 peragant.

149 3785 200 3848 Vs.
223 3789 291 3848 118.
314 3799 439 3868 tanqam
454 3798 594 3871 patrem:
615 3788 654 3848 de
675 3797 819 3867 touque,
843 3807 900 3869 pro
921 3787 1077 3870 decipere,

101 3897 269 3974 fraudare,
301 3899 541 3974 circumvenire,
573 3897 620 3960 off.
644 3898 737 3959 (iren.
760 3897 792 3959 L.
815 3898 846 3958 P.
869 3917 899 3977 p.
924 3896 991 3956 llll.
