2670 5146
690 412 770 487 170

332 649 519 718 Pseudolus
538 651 624 717 nihi
644 657 830 720 centuriata
852 655 969 724 irebeit
981 665 1216 748 capitiscomi-

333 882 403 960 Qut
427 880 576 948 illurnud
589 904 642 949 me
654 882 754 950 hodie
765 884 952 975 allegavit,
974 796 1218 989 mulieremtiliri

558 1005 562 1013 “
1027 1008 1219 1081 abduceret.

330 1113 479 1202 Sequere
491 1124 541 1178 tn.
579 1109 678 1180 Nunc
688 1122 978 1204 reexspectetis,
996 1120 1077 1188 timu
1087 1124 1149 1192 hec
1162 1127 1219 1193 do·

893 1255 982 1302 mum
992 1239 1123 1306 redeam
1136 1243 1214 1309 vie:

312 1357 370 1408 132.
388 1357 539 1406 adduceret.

281 1510 331 1570 Vs.
364 1509 431 1568 131.
461 1507 639 1566 contemto
664 1497 776 1567 tatuit
799 1519 881 1570 etc.:
913 1511 978 1575 cic.
997 1513 1038 1574 de
1058 1514 1132 1598 Lep
1154 1518 1214 1584 Ill.

243 1617 290 1678 19.
322 1615 372 1674 teu
388 1611 461 1674 XII
478 1611 557 1673 sato.
577 1614 730 1696 decapite
749 1616 829 1676 cinis
848 1617 977 1700 sopori,¹
998 1624 1064 1683 nisi
1081 1629 1213 1688 onesimo
1233 1615 1235 1620 ’

239 1724 397 1785 comitiam
423 1718 572 1801 (comitiis
597 1722 796 1806 centuriatis)
824 1735 917 1789 vetut.
969 1730 1066 1806 Quem
1094 1753 1212 1798 morem

238 1840 358 1914 spectet
380 1830 474 1892 etiem
494 1828 565 1891 Aul.
587 1831 621 1904 1,
647 1832 681 1905 7,
705 1832 761 1905 20,
785 1841 818 1893 et
838 1835 930 1896 Truo.
951 1837 980 1897 Is.
1000 1838 1028 1898 3.
1046 1838 1097 1901 15.
1130 1843 1211 1919 Que-

237 1943 321 2004 ritur
349 1941 439 2017 leno,
480 1958 513 2001 se
542 1961 576 2001 e.
589 1940 742 2002 Pseudolo
767 1941 856 2003 bonis
875 1962 942 2004 csse
962 1962 1120 2023 evorsum,
1153 1952 1213 2013 sibi

234 2052 331 2112 vitam
349 2039 421 2110 oum
441 2049 637 2111 fortunarum
657 2050 758 2110 salute
776 2061 915 2132 ereptam
935 2072 1011 2117 osse.

247 2184 251 2193 ¹
277 2160 328 2220 Vs.
356 2159 423 2221 133.
450 2157 537 2218 Hune
555 2177 599 2218 vs.
619 2157 748 2217 exhibui
766 2178 804 2220 ox
822 2158 1025 2223 distinetione
1041 2163 1094 2225 cn.
1112 2165 1210 2230 Acuti.

234 2270 273 2331 iit
295 2267 471 2348 saepissime
493 2266 526 2326 in
549 2265 650 2327 scenis
672 2276 771 2342 extr„
797 2273 957 2329 convertit
976 2290 1009 2330 se
1032 2271 1072 2332 od
1088 2285 1211 2354 specta-

234 2388 334 2449 tores,
371 2383 466 2452 etque
490 2384 613 2449 monet,
644 2395 684 2434 ne
709 2385 906 2455 exspectent,
940 2379 1013 2440 dum
1039 2381 1090 2444 ris
1107 2382 1210 2449 lutee

232 2487 302 2549 foro
327 2485 451 2546 domum
474 2483 602 2560 redeet3
632 2503 698 2544 esse
717 2484 800 2544 enim
819 2485 852 2544 in
870 2485 972 2548 animo
990 2489 1064 2564 sibi,
1091 2493 1212 2556 svor-sis

235 2594 407 2677 angiportis
425 2593 550 2654 domum
569 2593 792 2666 consectarier,
823 2597 957 2670 reverti,
990 2617 1030 2658 ne
1052 2598 1094 2660 ob
1110 2602 1208 2666 verbe

229 2703 292 2765 sihi
310 2703 384 2764 dete
401 2700 636 2774 exsibilaretur,
659 2720 740 2761 neve
759 2698 877 2778 (Bothii
895 2704 955 2766 hoc
971 2704 1208 2787 est)noredito·

229 2811 318 2873 ribus
336 2808 588 2890 conspiceretur,
609 2825 688 2885 quos
704 2827 830 2869 rumore
847 2810 885 2870 do
901 2812 961 2873 hec
976 2833 1031 2875 suu
1047 2814 1138 2876 clade
1154 2837 1207 2879 er·

230 2921 373 3003 gontario
390 2919 561 2981 excitatum
578 2918 620 2977 iri
635 2919 857 2999 augurabatur.
885 2919 996 2983 Joeum
1009 2924 1092 2984 forte
1106 2943 1205 3004 quee-

228 3031 302 3092 sirit
325 3036 419 3111 poeta
442 3027 476 3088 in
502 3046 556 3101 eo,
583 3026 667 3105 quod
692 3036 883 3107 spectatores
898 3048 916 3091 e
934 3011 1003 3092 soro
1019 3030 1204 3096 redeuntem

225 3140 414 3202 histrionem
440 3136 548 3196 videre
575 3155 637 3197 non
664 3145 826 3217 poterunt,
865 3130 983 3219 quippe
1008 3140 1065 3217 qui
1090 3159 1130 3202 eo
1153 3143 1204 3204 irc

225 3266 290 3309 non
315 3245 532 3308 constituerat.
576 3244 744 3304 Consrmdit
769 3244 971 3319 histrionem,
1002 3257 1035 3307 et
1052 3264 1146 3324 quem
1164 3270 1199 3312 s·

224 3357 273 3436 pit
297 3373 471 3437 personum.
521 3351 677 3414 Simonem
703 3362 735 3413 et
758 3353 928 3434 Herpegem
944 3373 1007 3419 non
1025 3356 1200 3439 alloquitur

225 3464 315 3539 leno,
349 3463 424 3541 quie
440 3463 526 3524 hunc
544 3479 577 3522 sc
594 3463 683 3540 sequi
696 3462 808 3542 jubet,
838 3481 898 3526 nec
916 3482 1007 3528 censo
1024 3475 1109 3540 eret,
1139 3485 1197 3530 our

225 3573 309 3634 Simo
342 3571 488 3634 lenonem
523 3573 708 3634 redeuntem
744 3573 967 3654 opperiretur:
1007 3583 1197 3657 spectatores

224 3691 333 3745 contre
360 3700 415 3743 suo
440 3698 560 3765 semper
576 3683 646 3745 loco
662 3681 839 3746 manebunt.
881 3683 948 3744 Non
964 3683 1080 3746 inutile
1095 3685 1197 3766 risum

225 3799 272 3853 est
289 3808 445 3873 apponere
462 3789 547 3854 Asin.
566 3792 595 3852 3.
614 3793 643 3853 3.
666 3791 733 3853 151.
756 3809 802 3869 sq.
1170 3788 1176 3801 “

264 3897 330 3962 Lib.
350 3898 535 3960 Iamdudum
559 3886 605 3960 cs't
620 3902 717 3961 mus.
748 3903 820 3980 Arg.
842 3901 906 3962 Huc
922 3903 1042 3982 quidem
1060 3918 1125 3964 nott
1141 3926 1196 3974 ee-

834 4010 892 4070 ne.
936 4008 1002 4072 nn.
1022 4009 1200 4093 sappes„
