2670 5146
627 383 705 459 ¹84

247 627 338 693 Scio.
361 648 413 691 rs.
428 623 519 701 Quid
532 646 610 711 ergo
623 623 757 690 dubitas
770 626 848 692 dere
860 629 945 695 mibi
957 639 1156 721 argentum!

772 740 1015 830 trinepotis,
1033 750 1156 820 fateor:

244 854 350 923 Tene.
373 876 425 922 νε.
448 853 821 942 benegnissimum
838 864 1081 945 cunctemibi,
1106 883 1156 936 tn-

387 993 462 1038 men
472 971 531 1037 das
546 993 555 1037 ε
579 991 680 1037 onere
693 970 780 1039 bunc
792 971 958 1043 bominem
969 1025 980 1059 ,
990 993 1092 1069 atque
1102 1004 1157 1051 me

177 1294 273 1357 recte,
307 1285 403 1343 boae:
430 1283 532 1343 minus
559 1292 647 1343 recte
670 1283 769 1363 igitur·
797 1287 1059 1364 praecedentibus
1072 1294 1153 1370 jun.

175 1393 262 1473 gitur
278 1403 314 1452 ct
331 1392 464 1472 quidque
482 1392 585 1471 eqitti.

217 1499 266 1560 Vs.
300 1500 347 1559 lt.
369 1504 422 1580 jue
436 1501 533 1580 petie,
563 1517 620 1578 pro
638 1503 770 1578 justum,
796 1521 947 1590 aequum:
965 1505 1037 1565 vide
1055 1509 1149 1570 Gron.

177 1607 208 1669 lt.
228 1607 261 1668 P.
281 1628 311 1687 p.
335 1606 401 1667 lte.

216 1715 266 1776 Vs.
299 1716 345 1777 17.
377 1735 472 1775 onero
499 1715 582 1775 buce
613 1714 783 1789 bominem,
820 1717 841 1776 i.
873 1737 900 1777 e.
921 1738 984 1791 me,
1012 1731 1050 1780 ut
1066 1734 1151 1785 recte

176 1823 314 1885 Acidula
345 1822 389 1884 sie
405 1822 517 1885 Bacch.
538 1824 566 1883 l.
587 1824 616 1884 l.
639 1823 665 1883 l.
708 1825 808 1903 Rogat
826 1824 996 1886 Pseudolus
1018 1827 1147 1904 herum,

175 1942 212 1994 ut
237 1931 401 2014 pecuniam
425 1931 557 1992 humero
574 1931 730 2012 imponat:
760 1931 884 2010 gravari
903 1932 1030 1995 videtur
1049 1937 1147 2012 Simo,

175 2052 305 2122 argento
332 2060 403 2115 suo,
445 2039 609 2101 fallacibus
631 2039 914 2102 machinationibus
940 2042 1001 2103 sibi
1025 2044 1150 2122 ablato,

174 2171 298 2214 serrum
322 2167 461 2211 onerare.
510 2146 678 2208 Pseudolus
702 2166 777 2208 vero
805 2147 999 2209 confidenter
1016 2169 1147 2233 respon·

176 2262 246 2335 dct,
284 2259 401 2339 quippe
426 2256 524 2336 probe
549 2255 665 2327 sciens,
695 2273 727 2314 se
750 2254 789 2315 ab
813 2254 906 2328 hero,
937 2258 1061 2336 argenti
1086 2279 1150 2321 ser·

175 2367 268 2431 randi
294 2386 348 2447 spe
365 2367 476 2438 ducto,
505 2363 586 2424 nihil
604 2384 667 2425 uon
686 2364 935 2444 impetraturum.
979 2365 1149 2446 Impetrat:

175 2497 246 2538 nam
268 2495 314 2534 νε.
340 2475 376 2534 19
393 2474 572 2553 indignatus
591 2472 682 2542 licet,
712 2471 794 2531 Simo
812 2470 969 2532 bominem
986 2470 1152 2536 advortere

175 2585 235 2646 sibi
261 2583 425 2644 humerum
446 2582 550 2660 jubet.
602 2581 701 2641 Hem!
728 2588 893 2658 argentum
920 2588 1009 2660 tergo
1024 2581 1151 2663 imposi-

176 2701 242 2752 tum
264 2689 431 2771 significat.
480 2688 609 2768 Vulgari
635 2688 696 2749 loci
723 2688 998 2768 interpretatione,
1027 2701 1061 2750 et
1077 2711 1151 2771 per-

176 2816 320 2860 sonarum
346 2796 570 2856 distributione
593 2805 728 2869 servata,
766 2805 872 2859 tautae
897 2810 1063 2878 emergunt
1086 2801 1150 2861 dil-

176 2906 390 2979 difficultates,
430 2916 467 2965 ut
492 2916 593 2966 metus
611 2925 674 2968 non
692 2905 747 2980 sit,
778 2923 827 2966 me
845 2908 1016 2969 Ballionem
1033 2911 1073 2971 ab
1091 2910 1152 2973 hac

175 3034 267 3078 scena
292 3031 419 3095 prorsus
445 3013 680 3088 excludcntem,
722 3017 907 3077 temeritatis
935 3017 1149 3079 insimulatum

174 3125 225 3186 iri.
275 3124 350 3190 Nam
375 3123 402 3182 si
427 3123 500 3184 iude
527 3144 544 3184 n
571 3144 615 3184 νε.
640 3124 773 3185 201eno
796 3143 867 3187 cum
894 3145 983 3187 servo
1001 3130 1149 3189 sermoci-

175 3252 252 3295 nans
283 3232 462 3305 inducitur,
501 3232 680 3312 quaeritur,
718 3253 758 3294 nn
779 3253 864 3315 spem
881 3233 1034 3314 abjecerit
1053 3255 1148 3297 senex

174 3340 298 3420 argenti
321 3338 479 3414 servandi,
509 3341 598 3419 cujus
620 3341 809 3402 mentionem
835 3362 898 3403 non
924 3343 1056 3424 amplius
1080 3343 1147 3406 seo·

175 3459 237 3511 tam
260 3447 425 3510 videmus?
471 3449 552 3525 Quid
578 3448 688 3529 agebat
714 3449 813 3512 Ballio
836 3468 934 3529 usque
959 3451 997 3512 nd
1019 3471 1064 3512 νε.
1085 3453 1141 3526 21,

174 3555 229 3616 ubi
272 3567 402 3637 repente
433 3558 658 3636 supplicantem
686 3558 848 3620 audimus?
911 3560 992 3637 Quid
1017 3560 1147 3639 petebat

174 3664 330 3742 supplex?
361 3667 512 3729 Pseudolo
533 3667 613 3728 nibil
639 3668 789 3742 debebat,
819 3669 968 3748 nullaque
985 3686 1053 3746 spes
1071 3670 1145 3729 inde

173 3773 293 3851 aliquid
324 3775 487 3837 auferendi
517 3797 582 3838 esse
614 3787 745 3856 poterut.
806 3781 883 3839 Tum
916 3778 1037 3838 lenonis
1060 3777 1145 3837 nihil

174 3882 348 3957 referebat,
382 3884 567 3948 Pseudolum
591 3897 755 3968 argentum
781 3887 836 3948 ebs
860 3887 937 3974 hero
960 3905 1014 3947 suo
1036 3884 1143 3945 anier-

174 4010 225 4068 re,
266 4000 394 4072 propter
426 3994 510 4071 quod
536 4015 580 4056 νε.
605 3994 645 4056 22
674 3995 866 4076 ineptissime
891 3995 1024 4057 offensus
1047 3992 1142 4055 indu-
