2670 5146
613 397 702 472 149·

189 694 190 698 ,
234 639 476 706 Meministine*
493 622 558 700 tibi
580 634 778 701 me‘dndum
800 635 936 718 dicere,

237 756 319 820 Eam
342 754 478 819 venitse
495 737 605 814 ‘militi
627 747 853 816 Macedoniot

239 893 284 936 tu.
308 868 464 934 Memini.
499 884 555 930 nt.
579 863 690 944 Hem,
715 863 813 930 illius
837 867 1146 936 servoshuoadme

168 1033 169 1037 ¹
541 966 544 976 '
814 983 1142 1069 argentumettulit‚

165 1100 285 1167 ‘30.Et
307 1098 520 1184 obsignatum
539 1092 739 1179 symbolum.
774 1119 817 1161 er.
842 1093 934 1171 Quid
955 1098 1100 1183 posteat

237 1234 293 1281 nu.
309 1212 378 1289 Qui
391 1215 480 1278 inter
491 1230 545 1276 me
556 1222 657 1297 etque
667 1208 766 1274 illum
776 1209 922 1276 militem
933 1209 1142 1282 convenerat:

240 1329 276 1395 Io
290 1348 402 1394 seeum
416 1325 560 1391 abduxit
572 1322 746 1391 mulierem
757 1324 847 1390 haud
857 1326 962 1393 multo
973 1333 1082 1416 prius.

238 1466 280 1511 ει.
306 1443 430 1508 Bonan’
445 1439 513 1507 fide
524 1441 615 1504 istuo
628 1439 741 1504 ‹licist
755 1459 812 1506 nt.
824 1438 922 1506 Unde
934 1465 973 1507 ee
984 1446 1032 1508 eit
1042 1443 1144 1509 mihtt

237 1579 281 1623 ει.
295 1556 387 1622 Vide
396 1553 493 1621 modo
505 1576 546 1619 ne
558 1551 633 1619 illio
646 1554 694 1619 sit
708 1556 946 1622 oonteohnatus
961 1558 1144 1644 quippiam.

174 1677 296 1740 dine.
318 1667 475 1758 Epistola
495 1682 596 1757 etque
610 1671 729 1755 imago
750 1692 803 1735 me
825 1684 952 1737 eertum
973 1673 1070 1738 facit.

121 1796 123 1802 '
241 1785 331 1863 Quin
352 1791 423 1872 jam
434 1784 569 1872 quidem
589 1781 683 1848 illam
696 1786 732 1849 in
747 1783 925 1870 Sicyonem
937 1809 982 1852 ex
995 1787 1145 1853 urbead·
1224 1767 1232 1779 ¹

922 1900 1024 1968 duxit
1034 1903 1143 1968 modo.
1189 1926 1193 1936 ’

183 2052 185 2056 v
238 2039 280 2083 or.
295 2014 386 2082 Bene
396 2011 510 2080 hercle
523 2012 755 2090 faetquuid
767 2036 828 2102 ego
839 2015 1144 2084 eessoPseudolum

240 2133 365 2199 Fooere
379 2174 389 2207 ‚
414 2141 451 2193 ut
463 2128 519 2192 det
530 2150 648 2193 nomen
661 2128 702 2192 ad
713 2126 874 2194 molarum
887 2126 1075 2196 coloniami

244 2333 288 2383 33.
307 2332 402 2382 donam
413 2330 507 2396 fldem.
543 2329 586 2379 36.
606 2331 672 2394 quin
687 2329 765 2379 illam
780 2330 886 2396 quidem
896 2331 967 2395 jota,

241 2429 286 2481 38.
305 2429 341 2478 od
356 2427 441 2476 molon
459 2424 570 2476 colione.

214 2583 264 2643 Vn.
292 2582 342 2643 36.
373 2581 514 2641 oddaait.
555 2578 668 2640 Procul
697 2577 793 2640 dubio
820 2578 1030 2659 probandum,
1062 2582 1147 2659 quod

174 2688 377 2768 quorumdam
415 2688 482 2749 llas.
521 2695 554 2748 et
578 2686 716 2747 omnium
745 2685 836 2748 editt.
864 2695 928 2746 ret.
959 2688 1147 2751 auctoritate

171 2798 307 2874 nititur,
340 2795 480 2873 adduxit.
633 2859 634 2863 ,

214 2902 265 2963 Vn.
291 2903 340 2963 38.
370 2902 520 2962 molarum
539 2901 699 2963 coloniam.
741 2901 808 2964 llus.
829 2922 934 2964 omnes
954 2903 1048 2964 molas
1067 2905 1161 2987 oolo-⁹

175 3013 283 3085 aiom3
313 3009 404 3071 editt.
426 3018 522 3084 nott,
546 3009 630 3069 inter
650 3027 727 3087 quas
747 3017 780 3069 et
801 3009 908 3089 steph.
931 3021 1145 3093 versueepte-

175 3119 264 3181 nario
291 3118 453 3178 molarium
472 3116 638 3189 coloniam,
671 3115 756 3194 quod
775 3135 813 3176 ex
834 3117 1049 3179 emendatione
1067 3118 1149 3180 male

174 3227 331 3288 intellecti
351 3226 473 3303 antiqui
492 3223 625 3305 genitivi
644 3223 739 3284 molat
752 3224 877 3284 fluxisse
891 3225 1031 3299 videtur,
1054 3243 1148 3303 quem

176 3346 393 3418 praeterquam
421 3336 484 3396 hoe
511 3335 596 3407 loeo,
628 3332 889 3414 deprehendimus
918 3333 1012 3394 etiam
1042 3334 1075 3393 in
1095 3355 1146 3396 ar-

176 3464 260 3524 gum.
283 3442 393 3523 Amph.
417 3443 452 3516 1,
484 3450 518 3502 et
538 3442 630 3503 Poen.
652 3441 734 3503 Prol.
756 3441 812 3515 51,
843 3440 899 3500 uhi
917 3461 1002 3504 nuno
1021 3441 1148 3520 quidem

177 3553 272 3632 vulgo
310 3552 415 3614 editur
450 3552 636 3624 comoediai,
668 3535 738 3610 ¹sed
775 3549 949 3625 antiquitus
982 3551 1149 3612 comoediae
1207 3530 1210 3540 Ι

179 3678 304 3740 quoque
324 3660 503 3740 legebatur,
527 3667 608 3720 teste
627 3657 738 3732 Joann.
757 3657 908 3719 Saraoeno
926 3657 994 3718 Not.
1003 3657 1038 3742 in
1047 3658 1148 3721 Plaut.

180 3769 256 3830 edit.
278 3769 387 3830 Venet.
411 3769 504 3843 1518,
537 3760 594 3846 qui
613 3767 777 3845 utriusque
796 3766 969 3847 scripturae
988 3766 1147 3827 meminit:

180 3879 222 3939 ol.
244 3877 329 3940 Voss.
350 3877 389 3938 de
409 3876 476 3938 Art.
499 3877 630 3938 Gramm.
653 3874 704 3936 IV.
725 3876 755 3934 3.
785 3872 874 3951 Quod
892 3873 927 3933 in
946 3875 1059 3935 nostris
1076 3873 1146 3934 vul·

179 4005 219 4065 go
239 3987 371 4066 legimns
390 3985 554 4059 molarum,
586 4004 644 4065 per
660 3992 797 4060 metrum
817 3992 899 4046 stare
918 3983 1037 4059 nequit.
