2716 5152
586 381 639 456 27

189 630 361 697 Assiatite
381 634 708 700 amnesamnes,
732 623 1019 715 atquaelaqans,
1040 631 1100 697 ad.

471 735 473 742 ¹
806 745 931 808 vertite
943 746 1101 813 animum.

192 859 246 926 'ru
258 861 319 948 qni
331 876 448 922 urnam
460 852 583 932 hsta,
596 874 715 942 nquam
727 858 845 944 ingere
858 899 869 938 ,
882 860 958 926 fase
966 859 1104 947 plenum

451 978 461 994 ‘
829 977 1103 1043 atinamaiteito.
1148 974 1153 985 ⁸

125 1090 267 1169 25.Te‚
291 1088 516 1165 oumseesri,
540 1084 709 1152 eandieali
719 1085 881 1174 praefinio
894 1093 1103 1177 provinciae.

191 1227 247 1271 nn.
270 1202 320 1269 At
339 1202 422 1268 haee
443 1213 581 1267 retunsa
593 1213 658 1266 est.
693 1223 749 1268 nn.
774 1202 960 1273 Sineaiet:
985 1206 1105 1273 itidem

535 1317 1103 1407 vesqaoqaaaatisplagisonnea.

193 1433 284 1502 Num
306 1418 367 1520 qni
387 1434 502 1497 minna
526 1452 569 1497 ea.
586 1434 696 1518 gratia
720 1445 830 1499 tamen
847 1436 994 1500 omnium
1004 1458 1106 1523 opera

715 1639 721 1646 .
1002 1550 1105 1615 utari

190 1665 273 1733 'l'ibi
284 1663 347 1730 hoe
357 1663 551 1751 praecipio,
564 1676 602 1728 nt
612 1665 743 1730 niteant
754 1663 872 1733 aedes:
897 1663 1002 1731 habes
1016 1665 1106 1755 quod

607 1780 716 1845 facins
730 1802 739 1847 τ
751 1802 918 1868 propera,
931 1779 988 1846 abi
1001 1783 1104 1846 intro.

191 1897 244 1963 'l'u
257 1910 330 1962 asto
342 1894 618 1977 lectisterniatar.
632 1893 686 1959 'l'n
697 1908 870 1981 argentum
884 1893 1003 1974 eluite,
1016 1893 1106 1962 idem

924 2012 1106 2075 exstruito.

131 2134 186 2197 30.
198 2126 293 2194 Haea
307 2170 319 2206 ,
343 2144 419 2190 enm
431 2145 495 2212 ego
506 2146 527 2189 a
537 2124 609 2189 foro
621 2135 772 2218 sevaston
784 2169 796 2202 ,
809 2124 913 2189 facita
927 2168 938 2204 ‚
951 2136 989 2189 nt
1002 2124 1108 2190 offen-

881 2235 1105 2325 dainparata:

194 2358 330 2437 Versa,
356 2366 577 2443 praesterga‚
604 2368 733 2433 strata,
767 2352 925 2443 lautaque
949 2366 1107 2442 sectaque

823 2473 936 2536 amnia
949 2471 999 2536 nti
1011 2472 1102 2537 sint:

214 2691 257 2741 29.
275 2689 462 2739 menstruato.
498 2687 542 2739 31.
556 2694 731 2753 praesternas

166 2918 217 2977 Vs.
238 2918 289 2978 31.
312 2936 418 2991 versa,
451 2935 509 2996 pra
525 2936 615 2977 tarsa
633 2937 652 2978 a
668 2919 832 2978 verrendo.
850 2948 893 2964 —··
917 2926 1104 2998 praesternat

126 3024 247 3085 habent
262 3023 408 3083 nonnulli
426 3023 493 3085 Mas.
510 3034 543 3085 et
559 3024 649 3084 editt.
670 3033 747 3084 vett.
777 3023 929 3104 Equidem
947 3023 1105 3103 reeipien-

130 3132 206 3192 dunt
230 3141 324 3212 pato,
355 3131 441 3210 qnod
459 3133 512 3194 cd.
530 3132 624 3194 Aead.
642 3132 789 3213 praebet,
817 3141 1015 3216 praestem,
1047 3150 1104 3190 an-

130 3241 220 3322 tiqua
246 3242 426 3320 ferma-pro
448 3252 628 3323 praetensa,
667 3239 786 3321 (amant
811 3241 948 3319 jungere
966 3238 1109 3325 literana

132 3361 165 3411 et
181 3362 194 3410 t
212 3360 349 3422 veteres,
381 3351 475 3411 aienti
492 3350 631 3412 videmus
648 3351 683 3411 in
700 3350 839 3430 antiquis
858 3347 944 3427 attis,
976 3346 1104 3420 stlaaas,

131 3460 289 3533 obstando,
313 3458 391 3535 nlia3
412 3458 506 3520 hodie
524 3479 649 3541 quoqne
665 3459 797 3521 dicimus
815 3456 944 3530 abstuli,
962 3456 1108 3517 abstraho

131 3566 227 3648 ete),
276 3567 298 3627 i.
334 3584 365 3644 q.
401 3577 560 3649 pertaesa,
604 3587 700 3648 qnam
743 3567 874 3629 formam
912 3565 1108 3628 usitatiorem

133 3676 272 3756 praefert
301 3676 434 3737 Gronov.
477 3677 552 3737 Nam
580 3678 616 3736 in
642 3677 763 3760 voculis
787 3696 847 3758 per
874 3685 906 3735 et
932 3695 1010 3757 prae
1040 3660 1108 3736 fera

133 3802 254 3864 semper
275 3784 444 3846 turbarunt
461 3785 604 3847 librarii:
633 3785 674 3847 cf.
694 3784 733 3846 nd
749 3805 792 3846 vs.
814 3785 854 3846 ta
870 3785 938 3863 huj.
957 3804 999 3845 sc.
1022 3792 1054 3843 et
1069 3782 1109 3844 ad

136 3892 171 3966 l,
193 3894 225 3966 5,
248 3894 297 3953 77.
315 3926 356 3938 -
380 3904 543 3974 coctaque:
562 3895 708 3957 nonnulli
718 3894 778 3957 hoe
790 3913 970 3976 expungere
979 3893 1107 3964 volunt,

134 3999 318 4061 mutandum
345 4003 378 4061 in
408 4003 495 4062 docta
520 4005 570 4064 vel
591 4015 704 4066 straete
722 4024 780 4085 pra
796 4013 931 4079 straete,
963 4000 1111 4082 qnoniam
