2670 5146
710 433 793 509 140

336 679 441 758 Manu
463 675 606 744 salutem
626 677 767 740 mittunt
788 670 1089 752 benevolentium

335 794 460 860 Eadem
480 789 601 857 malam
622 811 692 855 rem
713 787 854 853 mittunt
874 784 1169 856 malevolentibuu.

271 916 324 979 to.
338 910 407 977 Sed
428 921 467 973 ut
487 907 673 993 occepisti,
696 926 799 991 perge
821 924 952 989 operam
977 906 1195 990 experirier‚

333 1024 425 1103 Quid
449 1020 593 1110 epietola
613 1023 682 1087 iate
703 1031 827 1085 narret.
861 1039 917 1083 aa.
941 1017 1107 1085 Ausculta
1129 1023 1250 1089 mode.

330 1139 472 1227 Harpax
494 1136 619 1205 calator
639 1157 732 1202 moue
757 1147 833 1214 ert,
857 1133 899 1198 ad
923 1146 956 1198 te
980 1135 1175 1220 quiverit.

330 1255 427 1323 'tuno
448 1257 480 1320 ia
502 1277 540 1320 ea
564 1249 731 1341 Harpax?
754 1273 806 1317 er.
828 1250 901 1335 Ego
924 1268 1023 1328 rum,
1048 1262 1151 1338 atque
1168 1255 1250 1338 ipae

930 1364 1074 1457 Harpax
1086 1366 1244 1453 quidem.

333 1559 377 1610 58.
396 1564 460 1608 tuoe
477 1570 506 1606 eo
522 1555 560 1609 Β.
579 1581 610 1594 -
629 1553 702 1606 abeat
716 1560 806 1621 atquo.

263 1759 365 1816 more,
405 1738 527 1800 ratione
553 1734 684 1816 agendi,
713 1754 804 1817 oaepe
828 1734 911 1816 apud
928 1736 1061 1798 eomieoo
1078 1739 1248 1817 reperitur

207 1922 211 1926 Ι
262 1868 322 1911 vox
348 1847 537 1930 disciplina:
552 1892 556 1901 .
574 1845 618 1906 ef.
641 1843 726 1906 Asin.
758 1844 786 1904 1.
813 1844 842 1904 3.
870 1843 1087 1921 49;Ἰὶιὼη]ι.
1104 1845 1148 1907 ad
1167 1848 1243 1911 Ter.

261 1956 369 2018 Heaut.
390 1957 426 2029 2,
450 1955 484 2028 3,
508 1953 557 2016 59.

299 2066 351 2125 Vs.
380 2065 430 2126 50.
451 2082 573 2145 oporam
590 2058 789 2144 experirer(
819 2061 894 2121 Cum
914 2058 1017 2140 lipsio
1036 2072 1114 2141 puto
1135 2065 1243 2124 corri-

258 2172 394 2253 pendum
411 2190 504 2253 opera
521 2171 709 2252 experirier,
743 2188 824 2247 quae
841 2177 888 2228 est
906 2169 1025 2230 locutio
1042 2170 1154 2231 Plauto
1173 2174 1245 2234 usi·

259 2289 338 2353 tata,
360 2299 391 2340 v.
410 2299 438 2339 e.
459 2280 544 2359 Gapt.
564 2279 596 2352 2,
618 2278 652 2351 3,
675 2278 714 2340 65
732 2284 764 2338 et
781 2277 833 2351 69,
855 2278 940 2338 Trin.
958 2278 988 2340 i.
1010 2279 1037 2341 1.
1059 2279 1102 2352 7.,
1124 2279 1202 2341 eth.
1216 2282 1241 2343 l.

258 2387 447 2451 auctoritate
463 2385 539 2447 edit.
559 2386 667 2467 steph.
686 2384 878 2447 confirmata.
916 2385 1016 2466 Porpo
1041 2406 1167 2468 oporam
1179 2410 1242 2450 eo-

253 2495 391 2584 poririer
418 2496 485 2556 sere
511 2494 720 2574 significaret:
749 2514 846 2576 perge
863 2494 967 2556 faeere
984 2496 1242 2576 experimentum

255 2622 368 2684 operae
391 2612 480 2676 tuae,
512 2602 547 2661 iu
574 2602 706 2682 legenda
725 2603 857 2683 epistola
872 2602 1006 2683 positae,
1036 2604 1129 2666 hiero.
1150 2606 1183 2669 io
1203 2609 1237 2669 i.

256 2714 310 2787 29,
348 2722 382 2773 et
405 2712 441 2771 ni
465 2711 558 2773 fallor
576 2711 818 2791 intelligendum
835 2722 917 2772 esset
934 2712 973 2772 de
990 2714 1122 2788 lenone,
1140 2714 1240 2776 hene

254 2822 362 2901 legere
375 2821 556 2882 nesciente:
577 2829 686 2883 eontra
703 2841 794 2903 opero
811 2823 999 2902 opperirier,
1031 2824 1052 2883 i.
1072 2843 1100 2884 e.
1118 2823 1239 2904 legen-

255 2929 312 3004 do,
343 2929 513 3010 opponitur
539 2935 579 3008 τῷ
605 2929 777 3010 experirier
795 2928 1041 3010 interrogando,
1079 2930 1166 3010 quod
1182 2931 1237 2995 sa.

254 3055 327 3101 eere
351 3038 513 3118 inceperat
535 3037 619 3098 leno.
671 3037 866 3119 Sycophanta
892 3039 975 3098 enim
999 3046 1156 3113 metuens,
1187 3059 1235 3103 no

251 3146 421 3222 titubaret,
470 3155 566 3227 atque
599 3146 756 3208 sallaeiam
781 3148 929 3227 proderet
956 3147 1062 3209 lenoni
1087 3146 1233 3211 interro-

252 3255 340 3336 ganti
366 3275 460 3336 ouper
475 3255 595 3330 milite,
628 3257 717 3335 eujus
734 3276 784 3316 res
801 3276 865 3321 non
876 3265 1027 3330 ‚noverat‚
1054 3264 1162 3317 monet
1179 3257 1233 3319 le·

246 3382 378 3439 nonem,
410 3375 447 3424 ut
466 3383 561 3443 opera
578 3366 698 3445 potius,
728 3385 822 3448 quam
846 3365 1006 3426 auditione
1022 3365 1227 3447 experiatur,

247 3471 332 3550 quod
358 3492 413 3533 oua
428 3471 509 3534 seire
531 3473 666 3535 intersit.
1175 3484 1200 3521 '·

286 3580 337 3641 Vs.
351 3581 408 3643 ¹53.
431 3583 481 3644 sic
499 3583 644 3672 Bothiuo:
674 3582 747 3646 Sim.
767 3583 833 3663 1390
851 3605 927 3643 oum.
960 3584 1024 3645 Bal.
1044 3581 1144 3666 Atque
1161 3586 1229 3647 iet«

246 3688 373 3772 Horpoo
390 3692 527 3771 quidem,
552 3694 607 3774 poi
624 3693 782 3776 epistolam
800 3702 860 3754 ete.
881 3694 958 3757 haee
976 3695 1076 3774 igitur
1092 3705 1226 3759 oenten-

246 3797 290 3860 tia
311 3798 470 3878 prodiret:
503 3802 624 3884 Harpax
650 3803 770 3866 calator
787 3822 873 3864 meue
890 3812 953 3877 est,
984 3804 1023 3865 ad
1042 3812 1073 3866 te
1090 3804 1148 3886 qui
1165 3823 1225 3866 ve·

244 3907 303 3969 nit.
354 3907 458 3989 Atque
482 3910 542 3970 iste
560 3911 680 3992 Harpax
699 3911 842 3994 quidem,
875 3912 931 3994 qui
948 3913 1111 3993 epistolem
1127 3911 1224 3981 iotam

241 4015 316 4090 fert,
347 4018 387 4079 ab
411 4036 449 4079 eo
464 4028 628 4097 argeutum
645 4022 745 4102 aoeipi
764 4023 843 4083 volo.
875 4023 986 4085 Parma
1005 4029 1136 4085 venuste
1156 4021 1220 4085 hoo
