2716 5152
651 423 707 499 ot

260 670 328 738 Sed
349 664 596 755 comprimenda
616 673 670 727 cst
690 657 778 726 mihi
798 678 867 725 vox
889 671 992 749 etque
1010 660 1144 726 cretio:

254 784 383 853 Herum
416 801 531 847 cocum
561 777 662 843 video
683 775 749 842 huc
781 795 849 841 uno
869 773 1038 843 Simonem
1059 773 1166 841 simul

255 899 341 969 Cum
363 919 424 964 eno
447 897 562 963 vicino
584 892 772 981 Coliphone
793 890 963 958 incedere.

253 1017 312 1082 Ex
334 1014 397 1079 hoc
420 1010 596 1099 sepulchro
617 1024 732 1076 vetere
753 1009 881 1096 viginti
901 1009 1011 1072 mines

189 1129 422 1199 comiodum
445 1150 507 1215 ego
528 1126 654 1205 hodie,
682 1147 765 1214 ques
788 1124 864 1190 dem
883 1120 989 1189 herili
1010 1121 1101 1191 filio.

253 1242 352 1311 Nunc
361 1242 426 1308 huc
438 1241 616 1308 concedam
632 1287 643 1321 ‚
663 1252 701 1306 ut
713 1239 830 1307 horum
841 1260 1026 1307 sermonem
1037 1238 1163 1329 legem.

276 1418 316 1468 lo.
335 1433 386 1468 coc
400 1416 479 1467 milti.
516 1414 558 1467 17.
577 1413 646 1466 Stes.
663 1428 695 1464 ot.
712 1429 735 1465 e.

228 1598 279 1657 Vs.
301 1597 348 1657 17.
369 1594 539 1656 Pseudolus
554 1595 632 1656 dnos
648 1603 772 1656 tentum
781 1594 962 1655 incedentes
976 1594 1082 1670 videt,
1103 1595 1161 1655 he·

188 1724 259 1766 rum
276 1706 429 1766 Simonem
445 1713 479 1764 ct
495 1704 653 1765 vicinum:
671 1704 859 1764 auctoritate
875 1705 976 1784 igitur
993 1703 1046 1766 Cd.
1063 1703 1159 1767 Acod.

188 1824 222 1875 ct
239 1814 288 1876 ed.
298 1813 406 1894 steph.
419 1813 604 1893 legendum:
628 1813 801 1886 Simonem,
823 1833 890 1873 uno
906 1813 1001 1874 cimel
1012 1821 1075 1876 etc.
1084 1860 1094 1890 ,
1114 1816 1161 1876 im

186 1924 366 2006 postulante
383 1940 510 2000 qnoque
528 1930 640 1982 metro.

229 2032 279 2093 Vs.
311 2031 360 2095 19.
390 2050 430 2090 cc
455 2030 511 2090 boc
537 2030 675 2113 sepulcro
699 2033 803 2091 minoe
828 2032 979 2113 effodiam.
1020 2031 1161 2095 Irriden's

188 2160 320 2219 sonem,¹
349 2139 528 2221 sepulcrum
551 2149 658 2214 vocet,
686 2158 726 2201 ex
744 2161 808 2222 quo
828 2141 1045 2203 minas-eruet.
1086 2141 1161 2202 Sine

188 2236 285 2310 dubio
317 2247 446 2329 respicit
473 2265 592 2310 morem
621 2255 715 2330 pocta
745 2267 852 2308 rerum
886 2242 1093 2330 pretiosorum
1124 2256 1162 2309 in

186 2356 329 2438 sepulcra
363 2354 611 2430 condendarum,
657 2377 696 2416 ex
730 2378 795 2438 quo
824 2357 1045 2420 illustrandum
1074 2358 1162 2419 torte
1194 2352 1199 2359 ’

187 2467 295 2539 etiam,
314 2463 400 2545 quod
422 2463 554 2545 legimus
578 2465 660 2545 apud
682 2464 804 2545 ulpian.
830 2464 863 2526 L.
891 2466 920 2527 3.
939 2469 956 2546 ξ
973 2468 1002 2527 8.
1031 2467 1073 2528 de
1089 2487 1157 2548 sep.

184 2573 259 2634 viol.

224 2681 276 2742 Vs.
297 2683 348 2744 21.
368 2702 538 2742 sermonem
565 2682 678 2763 loqcm:
704 2683 727 2744 i.
744 2701 774 2744 c.
783 2683 933 2764 furabor,
959 2686 1040 2745 ctam
1056 2705 1156 2746 ecoc-

185 2790 280 2852 dicm.
331 2792 554 2873 Quodcumque
584 2791 731 2872 legimus,
764 2793 854 2853 nobis
883 2794 1047 2869 sumimus,
1081 2813 1160 2856 noe·

188 2909 272 2960 trum
299 2899 448 2979 decimum
483 2899 560 2964 hinc
580 2902 710 2963 fortasse
734 2901 844 2963 suctim
866 2912 1007 2965 nostrum
1029 2901 1154 2977 fecere,

185 3005 295 3069 durari.
336 3009 408 3070 Hor.
428 3010 491 3072 Sat.
508 3011 540 3083 1,
566 3011 600 3085 3,
629 3010 703 3071 117:

226 3115 270 3177 Et
291 3119 347 3197 qui
372 3129 546 3179 nocturnos
571 3120 677 3179 divom
700 3140 789 3180 oocro
815 3119 933 3200 toqorit.

189 3225 280 3287 Auct.
303 3226 343 3287 od
365 3228 499 3288 flerem.
518 3228 567 3303 ΙΙ,
594 3228 650 3302 30,
680 3229 737 3289 id:
767 3232 871 3310 majus
887 3249 953 3288 csso
969 3228 1157 3309 maleficium

187 3334 534 3417 stuprore'inqenoom‚
562 3358 654 3418 quom
671 3358 793 3398 socrum
808 3338 916 3418 legere.
958 3338 1036 3398 Hinc
1052 3339 1157 3397 socri-

185 3443 280 3524 dcqoo.
322 3445 385 3505 ttil.
404 3449 438 3521 d,
465 3448 502 3522 2,
530 3447 569 3507 98
591 3467 760 3508 sermonem
776 3447 943 3528 sobleqom,
972 3446 995 3508 i.
1014 3466 1045 3526 q.
1062 3444 1157 3508 nost.

182 3552 218 3611 ’5.
247 3553 275 3613 1.
304 3554 358 3615 15:
383 3565 508 3636 gustare
535 3577 588 3637 eqo
613 3560 682 3639 ejus
699 3577 867 3618 termonem
884 3557 971 3616 colo.-
989 3555 1028 3616 cf.
1047 3573 1094 3615 vs.
1113 3556 1157 3619 25

187 3678 295 3721 eorum
320 3663 447 3744 fragm„
478 3686 559 3746 quae
584 3666 722 3728 citantur
747 3685 786 3725 ex
808 3666 922 3726 subulis
939 3664 1042 3727 Plauti
1058 3663 1158 3726 amis-

183 3768 246 3843 sis,
268 3791 401 3852 quarum
418 3775 602 3836 nonomine
619 3776 745 3853 quidem
760 3775 850 3836 nobis
865 3775 978 3836 relicto
995 3782 1087 3835 sunt:

179 3912 184 3922 ·
265 3880 349 3941 Hinc
370 3901 408 3941 cc
429 3884 544 3942 occulto
566 3906 734 3945 sermnem
756 3889 827 3966 ejoo
849 3884 1011 3964 oublcqom.

184 3987 253 4050 vid.
278 3989 363 4050 Serv.
389 3990 428 4051 ed
451 3991 536 4070 Virg.
560 3992 626 4055 Ecl.
647 3993 697 4056 lx.
725 3993 774 4054 21.
