2670 5146
632 410 714 487 144

254 682 303 724 ss.
330 659 552 724 Occasionem
574 654 780 739 repperisti,
805 652 968 731 verbero,
1064 677 1080 705 ⁴³

189 783 241 842 10.
255 774 323 841 Ubi
346 773 552 861 perconteris
574 791 627 833 me
650 768 790 839 insidiis
813 766 1023 835 hostilibusl
1069 810 1072 819 .

252 889 344 966 Quin
366 887 446 954 hinc
469 886 625 952 metimur
648 883 807 970 gradibus
831 881 1023 948 militariis.

247 1025 298 1068 rs.
323 1003 435 1090 Atque
457 998 599 1086 edepol,
625 1020 810 1086 quanquam
832 1019 974 1085 nequam
985 998 1083 1064 homo
1094 1020 1151 1080 er,

446 1184 450 1196 x
924 1127 1150 1181 reetemones.

248 1234 301 1299 lte
323 1233 385 1300 hac
408 1229 570 1317 triumphi
592 1230 634 1295 ad
656 1227 854 1295 cantharum
876 1243 968 1295 reeta
981 1232 1059 1297 ria.

253 1434 292 1482 10.
311 1434 342 1482 ia
359 1430 472 1481 insidiis
490 1429 618 1479 hostibus.
656 1430 695 1480 13.
715 1430 806 1491 deest,
825 1435 855 1480 ut
872 1436 900 1481 et
916 1431 943 1480 iu
961 1431 1051 1499 steph.

55 1604 59 1615 '
183 1603 270 1674 dolo,
317 1600 391 1676 quis
415 1618 490 1675 prae
516 1607 603 1657 metu
629 1595 702 1657 inde
728 1599 852 1660 volebat
876 1599 1029 1681 aufugere
1056 1602 1147 1680 (scen.

185 1729 288 1790 praec.
316 1728 361 1767 vs.
391 1706 460 1786 18):
488 1713 600 1786 pectus
626 1715 730 1767 autem
756 1727 810 1768 oor
827 1709 964 1783 retudit,
1003 1711 1149 1792 impetum

181 1817 282 1879 cordis
299 1815 430 1880 retudit.
460 1815 644 1896 Oppupnare
664 1815 748 1876 valet
766 1815 788 1875 i.
806 1834 837 1893 q.
850 1819 1147 1900 pupnisperoutere,

181 1935 217 1987 ut
234 1927 297 1988 Cos.
317 1925 346 1984 2.
367 1925 396 1986 6.
414 1924 453 1985 60
469 1943 644 2005 oppopccre
662 1943 711 1996 os,
740 1943 799 2004 pro
811 1943 917 2006 poprie
933 1945 965 1984 os
981 1938 1148 2018 percutere.

221 2036 271 2096 Vs.
301 2034 330 2094 9.
360 2051 404 2111 sq.
434 2032 584 2094 Pseudolo
604 2031 680 2092 dans
700 2031 756 2092 hos
775 2051 895 2106 versus,
926 2034 1008 2094 male
1027 2024 1150 2097 videtur

179 2141 371 2204 intellexisse
397 2139 542 2223 Bothlus:
573 2139 636 2200 imo
663 2148 698 2198 ut
718 2158 803 2200 nuno
823 2157 856 2200 se
875 2138 1010 2214 hahent,
1042 2144 1150 2205 eximi·

179 2273 226 2314 am
256 2251 395 2332 produnt
425 2248 628 2321 sententium,
662 2249 754 2309 modo
783 2240 1006 2330 inte'r‘r'ogando
1030 2224 1086 2314 'iios
1105 2254 1149 2314 el-

180 2361 272 2421 feras.
326 2359 438 2419 Sensus
466 2366 531 2418 est:
570 2367 717 2438 putasne,
758 2340 890 2418 verbero
901 2354 918 2431 ,¹
935 2364 1150 2441 'opportunum

171 2447 212 2529 rte
231 2469 336 2529 locum
356 2467 545 2546 repperisse,
577 2465 633 2526 ubi
651 2485 703 2526 me
722 2456 953 2547 percuncteris,
984 2432 1070 2530 limi(
1079 2462 1150 2531 lios-

180 2585 227 2636 tes
262 2557 478 2634 insidiantur?
526 2573 610 2651 quin·
639 2574 758 2653 magnis
777 2568 937 2656 ‘plissib'ui'
961 2568 1048 2637 nbir'd
1063 2568 1148 2658 ¹¹pro·

177 2705 331 2768 peramus.
388 2682 520 2772 D⁰.abl·
551 2683 680 2742 insidiis
707 2682 1000 2765 hostilibus-proin
1019 2684 1150 2748 iliiidiir

179 2792 355 2865 hostilibus,
373 2782 376 2790 ’
394 2790 446 2850 vel
481 2791 551 2850 dom
579 2792 912 2869 hostes-insidianter,
946 2794 986 2855 oi.
1019 2784 1082 2858 ile.
1110 2797 1149 2858 de

181 2900 304 2960 Senect.
333 2899 398 2973 18„
420 2899 476 2958 ubi
503 2899 583 2978 pari.
599 2899 697 2961 modo-
711 2900 804 2976 ludis,
830 2922 895 2983 -pro
914 2903 952 2964 io
972 2903 1071 2978 hidis,
1098 2906 1149 2965 vel

178 3010 249 3069 dein
279 3008 345 3068 lodi
373 3008 563 3089 cpebcctcr:
591 3009 684 3089 plura
699 3009 775 3070 uide
792 3011 936 3089 exempla
956 3010 1039 3090 apud
1059 3011 1145 3074 Kort.

177 3115 216 3178 ar
245 3115 309 3178 en.
338 3115 377 3178 as
405 3116 555 3186 mam.
587 3119 677 3187 aas
697 3117 766 3178 ιιι.
790 3118 838 3178 rs.
876 3117 970 3178 nnc
988 3128 1017 3176 a
1037 3120 1080 3179 aa
1098 3101 1144 3181 ιιι

172 3236 280 3307 posteo
299 3226 460 3309 scripsisse
481 3226 630 3298 demiror,
650 3226 837 3307 praesertim
857 3235 919 3284 iam
933 3226 1026 3286 noeis
1045 3226 1146 3288 rebus.

216 3333 268 3395 Vs.
307 3334 354 3394 11.
383 3335 528 3399 metimur
550 3334 906 3414 ‚prodibam-militaria,
944 3335 1013 3396 soil.
1043 3335 1143 3409 viam,

175 3460 233 3521 pro
253 3443 367 3522 prendi
386 3443 486 3522 prodo
505 3441 645 3504 obimus:
665 3443 737 3507 vide
758 3444 860 3504 Gron,
872 3442 904 3503 L.
927 3443 959 3503 P.
980 3464 1012 3524 p.
1030 3444 1089 3506 266
1097 3462 1144 3523 sq.

175 3548 236 3609 hoc
273 3550 421 3631 exemplis
456 3551 676 3620 illustrantem.
713 3552 864 3612 -Grudos
890 3551 1052 3612 militares
1081 3572 1147 3613 esse

179 3675 322 3736 magnos,
363 3660 482 3722 evincit
510 3659 597 3741 Epid.
621 3661 648 3721 l.
673 3661 777 3734 1.11,
810 3660 865 3720 uhi
884 3680 991 3720 servus
1010 3660 1049 3723 ad
1069 3680 1144 3723 con·

176 3783 316 3838 serrum,
348 3769 499 3831 amilitia
518 3769 681 3831 reducem:
792 3835 795 3839 ,
1039 3840 1042 3845 ,

214 3873 261 3934 Ili
270 3875 456 3936 immortales
465 3877 646 3958 infelicent,
669 3877 1145 3959 ottoesprodiduspraodihtrs!

172 3992 205 4045 et
224 4002 314 4046 mox:
344 3984 424 4058 seio,
457 3995 487 4043 te
505 3964 571 4047 esse
591 3987 715 4066 quidem
735 3987 888 4048 bominem
907 3988 1087 4049 militarem.
