2670 5146
615 352 690 433 116

172 654 180 667 .
198 662 202 669 ,
236 602 420 675 Hominum
441 595 596 683 savaritia¹
609 615 671 682 ego
683 594 879 661 sumfactus
897 596 1087 684 improbior
1100 622 1170 667 cc.⁴

172 794 183 803 ,.
243 788 246 793 -
296 784 300 791 -
1040 737 1158 803 ΨΜ,

172 916 178 925 .
215 829 622 919 «Nonneopteingenio.
646 847 702 892 nn.
728 822 803 902 Qua
814 828 904 892 istuc
916 830 1075 895 rational
1100 854 1159 897 co.

250 1008 254 1015 .
985 943 1156 1033 Eloquar:

174 1064 334 1157 §hlium
346 1063 437 1129 enirn
458 1081 533 1127 cum
552 1053 723 1144 extemplo
734 1057 877 1123 veniunt
888 1057 1090 1126 conductum
1103 1083 1157 1126 co-

239 1262 242 1267 ·
1032 1199 1155 1264 quom,

243 1294 351 1364 Nemo
362 1291 463 1360 illum
475 1294 608 1380 quaerit
619 1292 679 1380 qui
688 1302 896 1377 optumus,et
907 1293 1155 1383 carissumu’str

241 1410 346 1479 Illum
367 1410 556 1476 conducunt
577 1408 722 1494 potius,
755 1408 815 1494 qui
838 1405 1081 1474 vilissumuut.

200 1588 205 1596 .
243 1525 319 1615 Hoc
345 1547 406 1612 ego
428 1525 482 1588 ini
504 1521 606 1587 hodie
627 1518 720 1587 solus
744 1519 901 1586 obsessor
923 1523 1005 1589 fori.

201 1612 206 1621 ’
241 1638 304 1707 Illi
327 1638 495 1704 drachmis
519 1640 628 1703 issent
650 1636 793 1703 miseri:
818 1656 871 1702 me
894 1657 991 1703 nemo
1012 1650 1124 1725 potest

175 1753 389 1823 miinoris
404 1755 584 1841 qnisquam
597 1770 728 1817 nummo
743 1763 780 1816 ut
791 1773 926 1838 surgam
937 1752 1111 1842 subigere.

263 1927 304 1981 17.
324 1944 349 1994 q.
368 1924 519 1978 vilissimas
537 1925 594 1977 hac.
633 1924 675 1976 19.
694 1923 834 1975 drachma.

218 2093 269 2153 Vs.
293 2091 342 2153 18.
357 2089 501 2167 ¹ahsassar
511 2089 602 2168 sari:
624 2087 762 2147 obsidere
781 2106 1016 2169 nonnumquam
1035 2075 1084 2152 cst
1104 2095 1154 2154 dia

177 2203 297 2277 sedere,
331 2198 470 2258 morari:
509 2196 551 2257 cl.
582 2195 685 2256 West.
707 2195 746 2256 ad
767 2197 837 2255 Ter.
859 2195 992 2277 Adelph.
1014 2201 1044 2260 l.
1067 2202 1095 2262 6.
1118 2203 1153 2274 6,

181 2294 214 2372 ct
235 2308 301 2370 [ἰν.
325 2306 385 2367 III.
409 2308 465 2378 50,
499 2304 555 2364 ubi
576 2304 713 2364 obsidere
733 2323 791 2384 pra
811 2323 864 2378 eo,
893 2305 977 2385 quad
997 2306 1032 2367 in
1052 2309 1158 2371 eodem
1181 2384 1184 2389 ¹

178 2394 246 2498 cap.
268 2415 403 2495 legitur,
428 2412 580 2473 insidere.

216 2524 267 2598 Vs.
282 2523 329 2583 19.
352 2521 404 2581 illi
424 2519 580 2580 drachmis
600 2508 723 2580 isserat:
743 2520 929 2583 sicllss.uel
951 2525 1100 2588 drachma
1108 2550 1155 2589 ss*

178 2643 265 2709 sent,
288 2628 341 2690 uel
363 2627 520 2688 drachmis
541 2638 633 2702 seat,·
664 2649 723 2689 nec
743 2629 846 2690 minus
865 2631 982 2692 incerti
999 2620 1158 2717 interpre-

175 2749 241 2817 tas:
273 2739 414 2799 virorum
442 2736 526 2797 doct.
558 2735 757 2817 opinionibus
788 2736 827 2797 de
855 2738 887 2799 h.
917 2739 958 2812 l.,
990 2743 1157 2806 aTaubm.

175 2819 323 2919 enotatis,
356 2842 557 2923 adjungenda
585 2843 740 2919 Salmasii,
775 2846 830 2926 qui
856 2847 892 2905 de
912 2848 998 2907 mado
1016 2871 1105 2912 asar.
1128 2873 1159 2933 p.

177 2957 235 3036 67,
266 2953 407 3015 mavult:
438 2951 585 3012 drachma
612 2939 725 3014 esseht.
779 2954 853 3016 Cum
880 2956 992 3017 Bothia
1019 2961 1159 3041 amplec-

176 3056 307 3127 tendum
336 3080 449 3125 censeo
479 3053 625 3125 drachma
650 3063 764 3138 issent,
795 3063 862 3125 scil.
891 3064 1054 3140 conducti,
1087 3088 1162 3130 cum

176 3156 335 3235 drachmis
371 3152 429 3253 per
465 3179 602 3239 metrum
637 3179 720 3233 stare
748 3191 812 3234 non
840 3182 959 3253 potest,
998 3175 1060 3234 nisi
1088 3197 1163 3238 cum

175 3281 302 3364 Steph.,
344 3280 454 3342 ordine
484 3281 608 3342 inverso
636 3272 825 3343 scribamus:
862 3282 964 3342 issent
992 3284 1162 3358 drachmis.

175 3391 364 3464 Gronovius,
408 3390 493 3470 quod
522 3390 556 3449 iu
571 3377 661 3451 edit.
692 3412 747 3455 sua
776 3392 970 3471 anteposuit,
1011 3402 1043 3453 ct
1072 3407 1163 3458 recte

176 3497 362 3578 explicavit,
406 3495 560 3581 drachmis
589 3499 704 3575 isserat,
741 3500 775 3560 iu
804 3499 836 3560 L.
865 3500 898 3561 P.
920 3500 1069 3582 reliquit,
1102 3503 1162 3566 ubi

174 3623 287 3693 magna
321 3605 536 3686 exemplorum
564 3607 597 3667 vi
625 3606 813 3690 persuadere
842 3607 995 3690 suscepit,
1015 3591 1163 3690 ¹dignius

176 3731 242 3773 esse
263 3713 421 3778 drachmis
442 3727 554 3777 essent.

219 3820 270 3882 Vs.
309 3821 358 3880 20.
388 3841 520 3886 mamma.
570 3827 717 3888 Nummus
737 3825 856 3907 ⁴Plauto
885 3825 952 3885 sinc
981 3825 1163 3905 adjectione

176 3911 246 4003 auri
273 3948 393 4009 semper
422 3929 621 3996 didraclsmus
650 3944 713 4009 est,
755 3935 820 3997 sivo
850 3941 964 4006 stater:
997 3933 1038 3995 cl.
1062 3934 1159 3998 Salm.
