2670 5146
466 330 609 432 ‘ea

176 602 210 670 N
212 621 275 667 unc
287 620 329 663 ne
343 598 420 685 quis
434 594 564 661 dictum
573 593 643 661 sibi
653 609 778 685 neget,
797 598 873 665 dico
885 602 1038 670 omnibus
1053 651 1064 684 ‚

176 712 269 782 Pube
290 713 465 799 praesenti
487 712 523 775 in
547 714 730 792 concione,
755 717 845 781 omni
866 715 969 804 popul
1002 762 1013 796 ,

87 835 164 901 125.
176 828 343 897 Omnibus
365 828 511 905 amicior
535 829 695 914 notisque
716 829 814 895 edico
833 833 946 909 meis,

174 948 216 1014 ln
227 944 315 1010 hunc
328 943 417 1008 diem
440 963 523 1007 eme
535 955 572 1008 ut
586 956 745 1024 caveant,
770 966 811 1010 ne
822 945 958 1011 credent
968 947 1067 1012 mihi.

175 1064 233 1128 cis
255 1059 318 1126 Sti
343 1069 417 1124 tuce
428 1045 569 1124 obsecro
580 1052 706 1125 hercle.
753 1064 805 1124 rs.
831 1057 924 1135 Quid
935 1064 1065 1148 negotii

706 1218 711 1227 -
739 1172 817 1239 esti
851 1193 906 1238 cn.
930 1173 1066 1240 Ostium

155 1264 321 1357 *Beiior‘ds'
343 1264 487 1374 crepuit.
523 1288 575 1352 ds.
601 1285 709 1353 Crura
729 1284 906 1354 mavellem
930 1289 1039 1355 modo.

170 1422 227 1474 cla
251 1405 368 1494 Attide
387 1406 468 1491 ipsc¹
486 1403 658 1491 egreditur
669 1406 806 1491 penitus
818 1409 991 1491 periurum
1003 1429 1058 1471 cu·

987 1532 1059 1608 p'ut.

179 1650 393 1716 12'e.tieoe.

136 1815 198 1877 Sed
216 1824 416 1898 spectatores,
448 1814 504 1873 eos
523 1824 611 1873 note
628 1826 669 1872 tte
688 1814 863 1888 miremini,

135 1924 223 2003 Quod
242 1944 307 1982 aon
327 1921 504 2003 triumpho:
529 1920 746 2003 pereulpotam
766 1932 827 1996 est,
851 1923 937 1983 aiiii
952 1944 1079 1986 moror.

134 2031 187 2092 Vs.
208 2021 275 2091 lt't.
293 2030 374 2112 pube
389 2029 570 2111 praesenti:
588 2029 622 2088 in
639 2030 747 2089 multis
764 2028 854 2089 editt.
873 2039 951 2090 vett.
971 2031 1066 2094 verba
1088 2020 1089 2025 ἵ

94 2139 279 2221 transposita
303 2139 469 2219 leguntur,
494 2138 622 2223 ¹procul
639 2137 751 2212 dubio,
782 2147 818 2198 ut
834 2148 935 2199 metro
953 2159 1064 2200 consu-

92 2250 188 2310 latur.
230 2240 322 2309 Both.
350 2255 454 2308 tamen
472 2245 511 2308 ad
529 2247 601 2308 Aul.
627 2248 685 2308 103
702 2281 743 2292 —
762 2247 837 2322 111,
866 2247 950 2330 pube
966 2248 999 2307 vi
1016 2268 1065 2310 se·

96 2355 221 2435 quentis
256 2346 391 2436 duplicis
427 2374 580 2416 consonae
619 2355 763 2416 ultimam
794 2355 969 2436 producere
1005 2346 1065 2430 ait,

50 2546 52 2551 Α
95 2465 178 2543 quod
201 2444 346 2546 pluribus
364 2452 513 2544 exemplis
529 2464 664 2551 firmat.t
682 2464 769 2524 Pube
783 2466 959 2547 praesenti,
983 2465 1067 2544 quo'd

95 2574 201 2635 Festus
236 2590 292 2634 suo
317 2572 387 2634 loeo
413 2573 599 2654 explicavit,
638 2573 753 2635 mirum
778 2592 871 2655 quam
900 2574 1066 2637 formulam

93 2676 224 2742 redolet.

131 2789 183 2851 Vs.
213 2778 281 2850 129.
311 2799 424 2869 atque.-
451 2788 529 2851 haec
554 2790 666 2871 copula
685 2791 795 2871 jungit
814 2792 977 2869 sequentia
995 2812 1065 2854 cum

97 2898 147 2972 iis,
183 2916 265 2976 quae
294 2907 367 2958 ente
385 2897 528 2961 Pseudoli
545 2886 829 2980 interpellationem
845 2900 969 2962 dixerat
987 2888 1068 2962 Cali-

98 3005 199 3067 dorus.
251 2996 405 3068 'continua
421 3007 521 3089 igitur
538 3009 679 3072 oratione
699 3008 777 3071 Ir'aeo
801 2996 916 3070 dixisse
938 3030 1067 3071 censen-

98 3106 153 3175 dus
174 3123 239 3176 est:
274 3116 387 3177 ostium
416 3102 537 3178 lenonis
562 3118 705 3199 crepuit,
735 3128 829 3196 atque
854 3118 920 3198 ipse
942 3117 1065 3198 egredi·

99 3230 149 3281 tur
174 3230 236 3282 etc.
262 3257 304 3268 -
323 3225 451 3305 petitos
472 3230 637 3307 perjurum
661 3237 773 3309 ceput:
801 3226 915 3287 Parcus
931 3226 965 3284 iu
983 3227 1066 3288 anti-

98 3328 244 3405 quissimo
265 3349 321 3391 suo
338 3320 417 3412 legit
434 3334 521 3394 intus
535 3339 662 3417 perjuri
682 3345 787 3418 ceput,
814 3333 911 3412 qnod,
939 3341 1067 3394 auctore

88 3420 240 3499 vdc'idelio
266 3437 369 3501 Bivin.
396 3440 430 3500 in
456 3434 565 3503 Pseud.
585 3464 612 3504 o.
633 3444 646 3504 l
665 3453 760 3518 extr„
786 3430 915 3503 sortasse
931 3441 1067 3524 amplec-

100 3545 240 3606 tendum:
277 3567 349 3609 nam
370 3551 498 3630 penites
525 3554 690 3634 perjurem
721 3571 785 3612 non
814 3550 933 3631 placet:
967 3549 1068 3611 simile

100 3651 240 3725 desidero
263 3659 449 3739 exemplum.
491 3646 751 3738 Frequentissime
776 3668 881 3721 autem
898 3661 985 3719 iuter
1001 3679 1068 3721 mo·

101 3769 165 3822 tum
190 3762 231 3824 de
248 3763 317 3826 loco
333 3775 440 3830 notat:
462 3750 592 3850 perjuri
609 3779 716 3850 eaput,
742 3767 835 3831 sicuti
851 3755 945 3850 caput
957 3766 1068 3847 aequi-

101 3868 178 3944 tiae,
206 3862 291 3952 apud
311 3862 401 3955 Prop.
420 3873 462 3935 11.
485 3876 532 3936 18.
555 3856 605 3937 86}
646 3876 705 3937 Pro
722 3856 850 3957 vulgato
866 3861 984 3937 militat
1001 3873 1068 3952 huj.

98 3973 158 4036 leb.
182 3977 209 4038 l.
228 3979 256 4040 5.
277 3979 326 4042 31.
344 3981 400 4042 ubi
417 3982 504 4056 side,
534 4002 614 4061 quae
630 4002 648 4045 s
665 3972 772 4046 Servio
789 3983 892 4047 attuli.
