2670 5146
616 429 712 504 1121
751 372 754 377 ¹

251 667 333 736 Nisi
354 669 509 736 milvinis
533 682 591 734 aut
613 669 778 758 aquilinis
787 653 966 761 :zungulist
1027 737 1030 741 .

250 808 306 852 m.
329 786 385 852 An
398 799 435 851 tu
448 787 661 874 coquinarum
675 800 708 852 te
719 787 772 853 iro
784 811 950 877 quoquam
961 790 1113 877 postulas
1127 836 1138 873 ‚

163 950 167 955 -
182 906 240 968 65.
253 901 344 978 Quin
366 901 427 966 ibi·
441 902 636 966 constrictis
659 901 812 989 ungulis:
824 926 962 971 coenam
984 907 1135 995 coquusl

248 1015 346 1082 Nunc
369 1016 451 1080 adeo
474 1028 511 1080 tu
534 1018 593 1103 qui
615 1037 709 1081 meus
733 1040 795 1098 es,
814 1023 887 1104 jam
910 1020 1006 1086 edico
1029 1021 1119 1102 tibi,

250 1130 313 1198 Uti
335 1145 453 1198 nostra
475 1152 633 1219 properes
657 1131 793 1199 amoliri
815 1139 947 1203 omnia:

250 1246 337 1311 'l'um
359 1260 397 1311 ut
419 1247 520 1333 hujus
545 1245 658 1313 oculos
684 1249 720 1312 in
744 1247 853 1314 oculis
877 1248 1002 1317 habeas
1026 1224 1119 1320 tuis:

251 1360 391 1450 Quoquo
414 1360 684 1449 hicspectabit,
709 1386 748 1429 eo
763 1376 809 1430 tu
832 1379 982 1451 spectato
1005 1366 1129 1435 simule

183 1482 238 1542 70.
256 1476 296 1541 Si
319 1499 384 1564 quo
407 1476 464 1542 hic
487 1477 662 1563 gradietur
674 1510 693 1555 ,·
709 1481 838 1565 pariter
859 1481 1140 1568 progrediminor.

245 1591 438 1658 Manumsi
459 1590 644 1679 protollet,
668 1596 797 1680 pariter
819 1597 976 1681 proferto·
992 1617 1141 1661 manum.

249 1709 354 1776 Suum
377 1709 409 1774 si
432 1709 515 1797 quid
536 1722 670 1788 sumet,
695 1710 732 1774 id
755 1723 791 1775 tu
809 1712 921 1776 'sinito
945 1734 1100 1778 sumere:

245 1824 284 1891 Si
308 1837 459 1890 nostrum
483 1837 616 1904 sumet,
641 1837 678 1889 tu
702 1837 814 1890 teneto
836 1824 1058 1895 altrinsecus.

246 1937 287 2004 si
309 1940 378 2003 iste
400 1936 489 2017 ibit,
514 1939 564 2002 ito
576 1960 586 2013 3
612 1937 741 2020 stabit,
769 1951 878 2004 astato
899 1938 1017 2004 simul.

265 2124 307 2184 64.
328 2117 520 2189 conquinctum
536 2123 588 2172 ire.
626 2121 667 2174 70.
687 2125 713 2172 si
731 2124 777 2173 tric
793 2138 848 2189 quo
864 2150 896 2162 -
911 2123 1122 2190 propredimint.

124 2260 125 2265 ἵ
178 2300 242 2358 que
270 2280 373 2339 firmat
400 2298 529 2338 coenare
556 2276 685 2336 odorem.
738 2276 781 2336 Ic
808 2285 911 2338 tamen
929 2278 1035 2338 versui
1050 2278 1165 2339 moles·
1195 2284 1200 2293 “

179 2400 246 2450 tum
263 2409 327 2449 non
345 2387 482 2448 videtur.

217 2500 268 2559 Vs.
307 2498 355 2560 63.
391 2496 534 2557 milvinis
559 2507 614 2555 ortt
640 2496 792 2576 aquilinis
819 2495 966 2577 capulis,
1003 2496 1043 2556 do
1070 2517 1161 2578 rapa-

176 2607 307 2669 cissimis
334 2615 366 2665 et
391 2604 595 2672 furacissimis
620 2604 765 2665 manibus
791 2604 927 2678 dicitur,
965 2604 1164 2682 quan-instar

174 2717 264 2778 milvi
291 2725 324 2776 et
349 2715 490 2793 aquilae,
523 2713 794 2776 voracissimarum
813 2713 918 2775 avium
937 2713 1041 2775 omnia
1059 2707 1164 2775 edulia

177 2827 324 2908 rapiunt:
352 2824 393 2885 cl.
423 2824 517 2885 Pocn.
539 2826 575 2896 5,
603 2825 636 2896 5,
668 2824 725 2900 133
750 2823 784 2883 in
803 2822 883 2884 llen.
905 2823 940 2896 l,
967 2806 1162 2896 3,'29mtt-

177 2939 287 2998 ciccae
316 2953 479 3014 suppetere
497 2933 580 3012 (soil.
601 2935 722 3012 famem
738 2932 791 2992 rel
809 2929 1025 3014 cupiditatem)
1042 2939 1089 2991 cst
1105 2950 1163 3010 pro

178 3044 480 3106 vehementissimam
516 3040 721 3122 cupiditatem
757 3041 893 3120 alicujus
925 3039 973 3100 rei
1007 3039 1164 3113 excitare,
1265 3034 1271 3040 ’

166 3155 322 3214 -rolridnm
341 3154 452 3232 facere
470 3152 598 3224 cresin,
628 3151 700 3211 Juv.
721 3151 784 3210 Sat.
804 3149 833 3209 6.
852 3147 922 3208 l28.

220 3263 270 3323 Vs.
303 3264 351 3322 70.
378 3259 639 3342 proprcdiminor.
691 3257 842 3320 Nonnulli
868 3255 936 3316 llss.
967 3264 1000 3314 et
1027 3253 1165 3315 editores

174 3370 424 3454 proponetimiao,
455 3371 595 3444 ἀρχαϊκῶς
626 3388 684 3449 pro
699 3366 913 3450 propreditor:
941 3363 1071 3425 laudaut
1089 3366 1164 3424 auc*-

180 3481 340 3541 toritatem
364 3479 465 3550 Festi,
497 3478 648 3540 aliorum:
680 3485 784 3551 recte,
811 3475 931 3556 opinor.
976 3473 1036 3548 Qui
1054 3481 1165 3534 contra

182 3590 322 3662 dicunt,‹
340 3587 509 3668 pluralem.
523 3585 703 3667 imperativi
718 3605 776 3666 pro
793 3584 871 3664 sing.
892 3583 1053 3663 usurpari,
1083 3574 1165 3643 male

180 3696 357 3758 defundunt
387 3695 484 3778 Epic..
504 3697 532 3756 5.
558 3697 589 3756 2.
616 3696 670 3768 30,
707 3693 763 3755 ubi
791 3712 871 3754 unus
889 3698 1013 3752 tantum
1031 3689 1162 3771 colliga·
1195 3765 1197 3768 y

178 3816 266 3866 turus
289 3813 357 3866 erat
374 3820 500 3879 manus,
527 3803 617 3865 ambo
634 3822 709 3864 vero
728 3802 969 3864 arbitrarentur.
1014 3799 1055 3879 In¹
1070 3798 1161 3881 Epic.

177 3916 211 3988 2,
241 3915 276 3987 2,
310 3915 348 3974 78
373 3915 529 3995 pluralem
555 3891 720 3985 numerum
745 3911 925 4001 imperativi
949 3918 1037 3971 recte
1055 3899 1168 3987 expli--

180 4021 246 4084 cuit
266 4021 394 4086 Taubm.

995 4128 1036 4191 16
