2670 5146
659 356 712 432 65

311 646 464 721 ACTUS
486 650 626 720 PRIMI
656 651 807 721 sanA
832 642 1027 734 QUINTA.

401 902 505 962 eruo,
530 903 705 963 coturno,
729 903 941 952 renouetur.

189 1100 191 1104 ⁴
240 1079 283 1146 Si
305 1078 347 1144 de
369 1076 538 1143 damnosis
561 1089 620 1141 eut
644 1072 686 1140 de
708 1075 913 1143 amatoribus

239 1195 395 1282 Dictetor
417 1191 478 1257 fiat
499 1213 587 1257 nunc
609 1190 756 1257 Athenis
779 1191 936 1276 Anicio,

237 1310 346 1379 Nemo
368 1307 542 1374 antecedat
564 1305 664 1388 filio,
689 1308 812 1389 oredo,
836 1324 932 1378 meo:

242 1427 295 1493 Ita
317 1447 404 1490 nnnc
426 1444 486 1511 pen
509 1423 625 1489 urbem
647 1421 741 1488 tolus
765 1446 875 1491 sermo
898 1439 952 1492 est
967 1429 1149 1517 omnibun

197 1541 325 1610 5.Eum
347 1540 437 1606 velle
460 1540 599 1605 amicam
621 1537 793 1621 liberare,
817 1553 850 1606 et
874 1565 1033 1630 quaerere

238 1657 426 1745 Argentum
439 1657 480 1720 nd
493 1677 565 1720 enm
578 1673 648 1722 rem
661 1701 672 1736 ,
698 1656 760 1722 hoc
773 1654 837 1722 alii
846 1658 932 1724 mihi
945 1663 1154 1745 renunciant,
1239 1641 1242 1645 Ι

236 1771 349 1862 Atque
372 1772 409 1837 id
431 1776 503 1858 jam
526 1771 658 1860 pridem
679 1773 798 1852 sensi,
823 1786 857 1838 et
879 1772 1013 1841 subolet
1033 1776 1133 1844 mihi.

265 1946 289 1998 1.
308 1961 336 1997 o.
354 1947 414 1995 eide
431 1960 458 1997 o.
492 1943 519 1998 4.
540 1961 572 2011 p.
590 1959 621 1996 o.
638 1943 719 1995 ooloe‘t
735 1959 883 2005 termonem
900 1961 960 1996 cum
976 1962 1001 1999 o.

215 2109 266 2170 Vs.
291 2109 318 2167 l.
341 2109 508 2168 domoon.
550 2106 646 2166 Editt.
666 2105 819 2184 quaedum
836 2116 959 2169 veteres
977 2119 1048 2190 post
1065 2110 1152 2171 dom·

175 2219 260 2279 torio
292 2218 442 2277 intexunt
472 2215 573 2287 notio,
604 2214 705 2292 quod,
733 2223 771 2274 ut
796 2217 970 2278 sententiae
998 2219 1150 2293 consulit,

175 2329 220 2390 ita
236 2327 343 2387 versui
360 2324 525 2386 molestum
542 2332 605 2396 ost,
633 2323 705 2400 qui,
735 2324 877 2401 quumvis
900 2325 1030 2405 expulso
1048 2329 1149 2401 notis,

176 2456 239 2501 nou
264 2436 384 2516 optimo
409 2454 442 2494 so
464 2433 576 2507 habet,
607 2432 661 2492 sed
678 2431 800 2492 hictum
817 2433 945 2511 objicit,
976 2435 1028 2495 oui
1045 2435 1152 2496 mede·
1236 2446 1239 2452 '

175 2553 227 2605 tur
261 2544 390 2624 Bothius
424 2542 539 2602 iterato
572 2542 601 2600 oi
625 2549 697 2602 ante
725 2541 859 2603 alterum
886 2543 944 2602 de:
977 2543 1039 2603 riri
1067 2544 1151 2606 doct.

176 2651 316 2733 opinioni
346 2649 550 2711 vehementer
574 2649 677 2723 leret,
712 2650 797 2727 quod
822 2649 874 2711 ed.
899 2649 996 2731 deod.
1024 2651 1153 2715 exhibet

175 2763 256 2822 vido.
282 2795 323 2806 -
362 2761 516 2820 Damnosi
531 2769 604 2820 sunt
617 2761 759 2842 prodi9i‚
778 2763 919 2843 prostoci,
948 2770 985 2821 ut
1001 2772 1121 2824 notum.

215 2871 267 2930 Vs.
289 2872 318 2931 l.
341 2890 438 2930 termo
457 2880 503 2929 ort
520 2869 677 2944 omnibor,
711 2869 831 2930 dicitur
853 2871 893 2930 do
921 2889 974 2945 eo,
1004 2872 1061 2950 qui
1083 2890 1149 2933 om-

176 2979 269 3042 nibus
284 2980 318 3038 in
335 2998 389 3039 ore
407 2989 474 3040 est:
503 2979 615 3040 turon.
641 2981 704 3040 Snt.
724 2979 767 3052 X,
801 2980 868 3039 167.

128 3094 131 3098 ’
221 3089 261 3150 m
279 3090 388 3171 pueris
406 3089 547 3172 placeat,
577 3099 608 3147 ct
634 3088 815 3148 declamatio
835 3088 908 3168 fior.

176 3218 235 3280 pro
259 3218 313 3272 eo,
351 3200 390 3259 de
417 3218 480 3277 quo
496 3199 631 3260 habetur
647 3197 833 3259 declamatio
851 3194 991 3276 opuntis
1009 3195 1043 3255 in
1061 3195 1149 3257 ocho·

176 3307 216 3368 lis
234 3308 416 3369 Rhetorum.
460 3309 510 3369 sio
528 3307 642 3387 sobole
664 3307 710 3388 fio
738 3305 821 3386 opud
839 3305 943 3366 Horat.
963 3314 997 3364 et
1014 3304 1151 3380 Tibull.;

179 3417 304 3480 Terent.
324 3417 425 3491 locus,
452 3417 524 3479 Hec.
543 3419 572 3478 l.
591 3419 620 3479 3.
643 3418 690 3478 ll.
715 3416 818 3476 minus
835 3422 923 3474 recte
940 3411 989 3472 his
1007 3411 1152 3494 adjungi·

185 3531 249 3585 tur.
291 3524 330 3583 Iu
348 3525 417 3584 aliis
435 3524 525 3586 libris
542 3526 624 3587 mule
645 3524 780 3605 legitur:
813 3541 951 3582 sermone
969 3530 1016 3581 eet
1030 3539 1057 3581 o.
1103 3520 1105 3526 “

221 3632 271 3692 Vs.
294 3634 322 3693 7.
345 3632 435 3693 Inter
459 3653 584 3695 veroum
611 3636 629 3696 7
646 3643 680 3695 et
696 3634 716 3694 8
734 3632 831 3712 liujus
849 3632 884 3691 iu
903 3629 1012 3693 codiee
1029 3648 1085 3692 nuo
1101 3631 1153 3691 in·

180 3725 274 3800 renit'
285 3740 458 3803 ineditum:

243 3848 306 3906 Sed
323 3848 564 3913 dissimulabam.
606 3853 653 3913 Po.
672 3851 745 3912 lom
761 3849 811 3911 illi
828 3859 920 3914 notus
932 3849 1031 3931 filio(⁸
1136 3867 1138 3875 ·

182 3950 376 4022 Vocabulum
394 3967 486 4019 octor
503 3958 543 4020 de
559 3978 616 4022 uuo
632 3958 762 4023 eddidit.

1012 4069 1033 4129 9
