<?xml version="1.0" encoding="UTF-8"?>
<!DOCTYPE html PUBLIC "-//W3C//DTD XHTML 1.0 Transitional//EN"
    "http://www.w3.org/TR/xhtml1/DTD/xhtml1-transitional.dtd">
<html xmlns="http://www.w3.org/1999/xhtml" xml:lang="en" lang="en">
 <head>
  <title>
</title>
<meta http-equiv="Content-Type" content="text/html;charset=utf-8" />
  <meta name='ocr-system' content='tesseract 3.04.00' />
  <meta name='ocr-capabilities' content='ocr_page ocr_carea ocr_par ocr_line ocrx_word'/>
</head>
<body>
  <div class='ocr_page' id='page_1' title='image "./specimenliterar00plaugoog_0107.png"; bbox 0 0 2670 5146; ppageno 0'>
   <div class='ocr_carea' id='block_1_1' title="bbox 707 393 832 469">
    <p class='ocr_par' dir='ltr' id='par_1_1' title="bbox 707 393 832 469">
     <span class='ocr_line' id='line_1_1' title="bbox 707 393 832 469; baseline 0 -34"><span class='ocrx_word' id='word_1_1' title='bbox 707 393 760 469; x_wconf 69' lang='lat'><strong>92</strong></span> <span class='ocrx_word' id='word_1_2' title='bbox 826 422 832 435; x_wconf 92' lang='lat'><strong><em>.</em></strong></span> 
     </span>
    </p>
   </div>
   <div class='ocr_carea' id='block_1_2' title="bbox 251 632 1233 838">
    <p class='ocr_par' dir='ltr' id='par_1_2' title="bbox 251 632 1233 838">
     <span class='ocr_line' id='line_1_2' title="bbox 251 632 1233 724; baseline -0.021 -11"><span class='ocrx_word' id='word_1_3' title='bbox 251 649 308 713; x_wconf 85' lang='lat'><strong>40.</strong></span> <span class='ocrx_word' id='word_1_4' title='bbox 321 663 380 710; x_wconf 74' lang='lat' dir='ltr'><strong>uo.</strong></span> <span class='ocrx_word' id='word_1_5' title='bbox 402 642 510 709; x_wconf 87' lang='lat' dir='ltr'><strong>Immo</strong></span> <span class='ocrx_word' id='word_1_6' title='bbox 520 659 601 704; x_wconf 90' lang='lat' dir='ltr'><strong>vero</strong></span> <span class='ocrx_word' id='word_1_7' title='bbox 613 634 710 724; x_wconf 71' lang='lat' dir='ltr'><strong>quoni</strong></span> <span class='ocrx_word' id='word_1_8' title='bbox 721 645 759 698; x_wconf 88' lang='lat' dir='ltr'><strong>tu</strong></span> <span class='ocrx_word' id='word_1_9' title='bbox 771 632 888 713; x_wconf 78' lang='lat' dir='ltr'><strong>dicae,</strong></span> <span class='ocrx_word' id='word_1_10' title='bbox 913 635 1079 722; x_wconf 80' lang='lat' dir='ltr'><strong>querique</strong></span> <span class='ocrx_word' id='word_1_11' title='bbox 1090 657 1155 723; x_wconf 78' lang='lat' dir='ltr'><strong>ego</strong></span> <span class='ocrx_word' id='word_1_12' title='bbox 1167 658 1233 703; x_wconf 83' lang='lat' dir='ltr'><strong>eu.</strong></span> 
     </span>
     <span class='ocr_line' id='line_1_3' title="bbox 931 749 1232 838; baseline 0.023 -24"><span class='ocrx_word' id='word_1_13' title='bbox 931 761 998 814; x_wconf 89' lang='lat' dir='ltr'><strong>tem</strong></span> <span class='ocrx_word' id='word_1_14' title='bbox 1009 749 1045 814; x_wconf 93' lang='lat' dir='ltr'><strong>id</strong></span> <span class='ocrx_word' id='word_1_15' title='bbox 1057 754 1232 838; x_wconf 75' lang='lat' dir='ltr'><strong>suspicer.</strong></span> 
     </span>
    </p>
   </div>
   <div class='ocr_carea' id='block_1_3' title="bbox 318 861 1234 961">
    <p class='ocr_par' dir='ltr' id='par_1_3' title="bbox 318 861 1234 961">
     <span class='ocr_line' id='line_1_4' title="bbox 318 861 1234 961; baseline -0.008 -21"><span class='ocrx_word' id='word_1_16' title='bbox 318 873 386 941; x_wconf 84' lang='lat' dir='ltr'><strong>Sed</strong></span> <span class='ocrx_word' id='word_1_17' title='bbox 397 870 481 961; x_wconf 88' lang='lat' dir='ltr'><strong>quid</strong></span> <span class='ocrx_word' id='word_1_18' title='bbox 492 882 545 936; x_wconf 81' lang='lat' dir='ltr'><strong>eat</strong></span> <span class='ocrx_word' id='word_1_19' title='bbox 557 867 623 934; x_wconf 88' lang='lat' dir='ltr'><strong>tibi</strong></span> <span class='ocrx_word' id='word_1_20' title='bbox 635 865 779 932; x_wconf 62' lang='lat' dir='ltr'><strong>nomeu?</strong></span> <span class='ocrx_word' id='word_1_21' title='bbox 809 888 859 932; x_wconf 84' lang='lat' dir='ltr'><strong>rs.</strong></span> <span class='ocrx_word' id='word_1_22' title='bbox 883 861 1007 932; x_wconf 77' lang='lat' dir='ltr'><strong>Servor</strong></span> <span class='ocrx_word' id='word_1_23' title='bbox 1019 879 1072 931; x_wconf 82' lang='lat' dir='ltr'><strong>eet</strong></span> <span class='ocrx_word' id='word_1_24' title='bbox 1083 865 1164 933; x_wconf 92' lang='lat' dir='ltr'><strong>huic</strong></span> <span class='ocrx_word' id='word_1_25' title='bbox 1176 866 1234 934; x_wconf 88' lang='lat' dir='ltr'><strong>le-</strong></span> 
     </span>
    </p>
   </div>
   <div class='ocr_carea' id='block_1_4' title="bbox 250 981 1235 2574">
    <p class='ocr_par' dir='ltr' id='par_1_4' title="bbox 499 981 1229 1068">
     <span class='ocr_line' id='line_1_5' title="bbox 499 981 1229 1068; baseline 0.005 -21"><span class='ocrx_word' id='word_1_26' title='bbox 499 1056 502 1064; x_wconf 27' lang='lat'><strong>¹</strong></span> <span class='ocrx_word' id='word_1_27' title='bbox 996 981 1229 1068; x_wconf 77' lang='lat' dir='ltr'><strong>uouiSyruc,</strong></span> 
     </span>
    </p>

    <p class='ocr_par' dir='ltr' id='par_1_5' title="bbox 315 1096 1233 1281">
     <span class='ocr_line' id='line_1_6' title="bbox 315 1096 1233 1182; baseline -0.004 -12"><span class='ocrx_word' id='word_1_28' title='bbox 315 1104 402 1171; x_wconf 87' lang='lat' dir='ltr'><strong>Eum</strong></span> <span class='ocrx_word' id='word_1_29' title='bbox 415 1123 491 1169; x_wconf 78' lang='lat' dir='ltr'><strong>evoe</strong></span> <span class='ocrx_word' id='word_1_30' title='bbox 501 1121 555 1165; x_wconf 89' lang='lat' dir='ltr'><strong>mc</strong></span> <span class='ocrx_word' id='word_1_31' title='bbox 567 1097 817 1182; x_wconf 82' lang='lat' dir='ltr'><strong>dicam..Syruc</strong></span> <span class='ocrx_word' id='word_1_32' title='bbox 830 1116 916 1162; x_wconf 79' lang='lat' dir='ltr'><strong>vum.</strong></span> <span class='ocrx_word' id='word_1_33' title='bbox 939 1114 996 1162; x_wconf 73' lang='lat' dir='ltr'><strong>rr.</strong></span> <span class='ocrx_word' id='word_1_34' title='bbox 1022 1096 1151 1181; x_wconf 77' lang='lat' dir='ltr'><strong>Syruri</strong></span> <span class='ocrx_word' id='word_1_35' title='bbox 1174 1121 1233 1166; x_wconf 75' lang='lat' dir='ltr'><strong>ra.</strong></span> 
     </span>
     <span class='ocr_line' id='line_1_7' title="bbox 878 1211 1232 1281; baseline 0.008 -4"><span class='ocrx_word' id='word_1_36' title='bbox 878 1211 920 1278; x_wconf 89' lang='lat' dir='ltr'><strong>Id</strong></span> <span class='ocrx_word' id='word_1_37' title='bbox 930 1225 983 1277; x_wconf 80' lang='lat' dir='ltr'><strong>eet</strong></span> <span class='ocrx_word' id='word_1_38' title='bbox 994 1231 1112 1277; x_wconf 86' lang='lat' dir='ltr'><strong>nomeu</strong></span> <span class='ocrx_word' id='word_1_39' title='bbox 1124 1213 1232 1281; x_wconf 86' lang='lat' dir='ltr'><strong>mihi.</strong></span> 
     </span>
    </p>

    <p class='ocr_par' dir='ltr' id='par_1_6' title="bbox 317 1327 1231 1531">
     <span class='ocr_line' id='line_1_8' title="bbox 317 1327 1231 1411; baseline -0.004 -11"><span class='ocrx_word' id='word_1_40' title='bbox 317 1353 377 1400; x_wconf 76' lang='lat' dir='ltr'><strong>ur.</strong></span> <span class='ocrx_word' id='word_1_41' title='bbox 391 1330 506 1399; x_wconf 87' lang='lat' dir='ltr'><strong>Verba</strong></span> <span class='ocrx_word' id='word_1_42' title='bbox 516 1327 622 1397; x_wconf 85' lang='lat' dir='ltr'><strong>multa</strong></span> <span class='ocrx_word' id='word_1_43' title='bbox 632 1330 775 1397; x_wconf 74' lang='lat' dir='ltr'><strong>fecimus</strong></span> <span class='ocrx_word' id='word_1_44' title='bbox 785 1350 795 1396; x_wconf 81' lang='lat' dir='ltr'><strong>r</strong></span> <span class='ocrx_word' id='word_1_45' title='bbox 807 1327 908 1394; x_wconf 76' lang='lat' dir='ltr'><strong>herus</strong></span> <span class='ocrx_word' id='word_1_46' title='bbox 922 1329 956 1392; x_wconf 81' lang='lat' dir='ltr'><strong>oi</strong></span> <span class='ocrx_word' id='word_1_47' title='bbox 968 1340 1045 1393; x_wconf 77' lang='lat' dir='ltr'><strong>tuuc</strong></span> <span class='ocrx_word' id='word_1_48' title='bbox 1058 1328 1146 1393; x_wconf 89' lang='lat' dir='ltr'><strong>domi</strong></span> <span class='ocrx_word' id='word_1_49' title='bbox 1158 1342 1231 1411; x_wconf 81' lang='lat' dir='ltr'><strong>ert,</strong></span> 
     </span>
     <span class='ocr_line' id='line_1_9' title="bbox 946 1445 1231 1531; baseline 0.007 -24"><span class='ocrx_word' id='word_1_50' title='bbox 946 1445 1028 1531; x_wconf 87' lang='lat' dir='ltr'><strong>quin</strong></span> <span class='ocrx_word' id='word_1_51' title='bbox 1038 1465 1203 1530; x_wconf 77' lang='lat' dir='ltr'><strong>provocas</strong></span> <span class='ocrx_word' id='word_1_52' title='bbox 1219 1491 1231 1525; x_wconf 91' lang='lat'><strong>,</strong></span> 
     </span>
    </p>

    <p class='ocr_par' dir='ltr' id='par_1_7' title="bbox 319 1533 1235 1755">
     <span class='ocr_line' id='line_1_10' title="bbox 319 1533 1235 1648; baseline -0.003 -20"><span class='ocrx_word' id='word_1_53' title='bbox 319 1561 367 1628; x_wconf 84' lang='lat' dir='ltr'><strong>Ut</strong></span> <span class='ocrx_word' id='word_1_54' title='bbox 387 1562 424 1626; x_wconf 91' lang='lat' dir='ltr'><strong>id</strong></span> <span class='ocrx_word' id='word_1_55' title='bbox 435 1533 554 1648; x_wconf 76' lang='lat' dir='ltr'><strong>agani,</strong></span> <span class='ocrx_word' id='word_1_56' title='bbox 576 1558 663 1647; x_wconf 90' lang='lat' dir='ltr'><strong>quod</strong></span> <span class='ocrx_word' id='word_1_57' title='bbox 675 1560 801 1624; x_wconf 77' lang='lat' dir='ltr'><strong>missus</strong></span> <span class='ocrx_word' id='word_1_58' title='bbox 813 1557 877 1625; x_wconf 90' lang='lat' dir='ltr'><strong>huo</strong></span> <span class='ocrx_word' id='word_1_59' title='bbox 888 1577 976 1624; x_wconf 81' lang='lat' dir='ltr'><strong>eum.</strong></span> <span class='ocrx_word' id='word_1_60' title='bbox 989 1580 1040 1624; x_wconf 85' lang='lat' dir='ltr'><strong>rs.</strong></span> <span class='ocrx_word' id='word_1_61' title='bbox 1054 1556 1235 1647; x_wconf 78' lang='lat' dir='ltr'><strong>Quicquid</strong></span> 
     </span>
     <span class='ocr_line' id='line_1_11' title="bbox 939 1673 1232 1755; baseline 0 -17"><span class='ocrx_word' id='word_1_62' title='bbox 939 1688 992 1739; x_wconf 81' lang='lat' dir='ltr'><strong>est</strong></span> <span class='ocrx_word' id='word_1_63' title='bbox 1003 1694 1121 1739; x_wconf 87' lang='lat' dir='ltr'><strong>nomen</strong></span> <span class='ocrx_word' id='word_1_64' title='bbox 1134 1673 1205 1738; x_wconf 89' lang='lat' dir='ltr'><strong>tibi</strong></span> <span class='ocrx_word' id='word_1_65' title='bbox 1218 1719 1232 1755; x_wconf 89' lang='lat'><strong>‚</strong></span> 
     </span>
    </p>

    <p class='ocr_par' dir='ltr' id='par_1_8' title="bbox 250 1788 1232 2109">
     <span class='ocr_line' id='line_1_12' title="bbox 250 1788 1230 1872; baseline -0.005 -13"><span class='ocrx_word' id='word_1_66' title='bbox 250 1794 307 1859; x_wconf 85' lang='grc'><strong>45.</strong></span> <span class='ocrx_word' id='word_1_67' title='bbox 320 1789 360 1858; x_wconf 84' lang='lat' dir='ltr'><strong>Si</strong></span> <span class='ocrx_word' id='word_1_68' title='bbox 372 1793 464 1857; x_wconf 77' lang='lat' dir='ltr'><strong>intua</strong></span> <span class='ocrx_word' id='word_1_69' title='bbox 476 1802 581 1872; x_wconf 76' lang='lat' dir='ltr'>esset,</span> <span class='ocrx_word' id='word_1_70' title='bbox 593 1810 764 1859; x_wconf 75' lang='lat' dir='ltr'><strong>evocarem</strong></span> <span class='ocrx_word' id='word_1_71' title='bbox 778 1813 787 1856; x_wconf 88' lang='lat'><strong>:</strong></span> <span class='ocrx_word' id='word_1_72' title='bbox 799 1810 915 1854; x_wconf 89' lang='lat' dir='ltr'><strong>verum</strong></span> <span class='ocrx_word' id='word_1_73' title='bbox 927 1790 959 1854; x_wconf 80' lang='lat' dir='ltr'><strong>ei</strong></span> <span class='ocrx_word' id='word_1_74' title='bbox 969 1788 1047 1854; x_wconf 94' lang='lat' dir='ltr'><strong>dare</strong></span> <span class='ocrx_word' id='word_1_75' title='bbox 1060 1790 1114 1855; x_wconf 81' lang='lat' dir='ltr'><strong>vie</strong></span> <span class='ocrx_word' id='word_1_76' title='bbox 1124 1788 1230 1870; x_wconf 90' lang='lat' dir='ltr'><strong>mihi,</strong></span> 
     </span>
     <span class='ocr_line' id='line_1_13' title="bbox 314 1903 1232 1996; baseline -0.002 -22"><span class='ocrx_word' id='word_1_77' title='bbox 314 1906 427 1996; x_wconf 78' lang='lat' dir='ltr'><strong>Magis</strong></span> <span class='ocrx_word' id='word_1_78' title='bbox 450 1909 517 1973; x_wconf 88' lang='lat' dir='ltr'><strong>erit</strong></span> <span class='ocrx_word' id='word_1_79' title='bbox 534 1905 706 1985; x_wconf 84' lang='lat' dir='ltr'><strong>solutum,</strong></span> <span class='ocrx_word' id='word_1_80' title='bbox 730 1925 826 1994; x_wconf 90' lang='lat' dir='ltr'><strong>quam</strong></span> <span class='ocrx_word' id='word_1_81' title='bbox 839 1906 908 1993; x_wconf 84' lang='lat' dir='ltr'><strong>ipsi</strong></span> <span class='ocrx_word' id='word_1_82' title='bbox 922 1903 1070 1971; x_wconf 73' lang='lat' dir='ltr'><strong>dederis.</strong></span> <span class='ocrx_word' id='word_1_83' title='bbox 1094 1925 1154 1970; x_wconf 72' lang='lat' dir='ltr'><strong>ue.</strong></span> <span class='ocrx_word' id='word_1_84' title='bbox 1177 1904 1232 1972; x_wconf 78' lang='lat' dir='ltr'><strong>At</strong></span> 
     </span>
     <span class='ocr_line' id='line_1_14' title="bbox 849 2020 1230 2109; baseline 0 -23"><span class='ocrx_word' id='word_1_85' title='bbox 849 2022 938 2086; x_wconf 88' lang='lat' dir='ltr'><strong>euim</strong></span> <span class='ocrx_word' id='word_1_86' title='bbox 951 2022 1036 2087; x_wconf 81' lang='lat' dir='ltr'><strong>eoiu’</strong></span> <span class='ocrx_word' id='word_1_87' title='bbox 1050 2020 1133 2109; x_wconf 89' lang='lat' dir='ltr'><strong>quid</strong></span> <span class='ocrx_word' id='word_1_88' title='bbox 1146 2021 1230 2088; x_wconf 73' lang='lat' dir='ltr'><strong>eati</strong></span> 
     </span>
    </p>

    <p class='ocr_par' dir='ltr' id='par_1_9' title="bbox 317 2135 1232 2337">
     <span class='ocr_line' id='line_1_15' title="bbox 317 2135 1232 2225; baseline -0.002 -19"><span class='ocrx_word' id='word_1_89' title='bbox 317 2139 471 2206; x_wconf 78' lang='lat' dir='ltr'>Reddere</span> <span class='ocrx_word' id='word_1_90' title='bbox 482 2139 544 2205; x_wconf 90' lang='lat' dir='ltr'><strong>hoc</strong></span> <span class='ocrx_word' id='word_1_91' title='bbox 556 2184 567 2218; x_wconf 91' lang='lat'>‚</span> <span class='ocrx_word' id='word_1_92' title='bbox 580 2159 646 2204; x_wconf 85' lang='lat' dir='ltr'><strong>nou</strong></span> <span class='ocrx_word' id='word_1_93' title='bbox 656 2138 809 2225; x_wconf 83' lang='lat' dir='ltr'>perdere,</span> <span class='ocrx_word' id='word_1_94' title='bbox 822 2136 923 2203; x_wconf 82' lang='lat' dir='ltr'><strong>herus</strong></span> <span class='ocrx_word' id='word_1_95' title='bbox 934 2157 988 2204; x_wconf 90' lang='lat' dir='ltr'><strong>me</strong></span> <span class='ocrx_word' id='word_1_96' title='bbox 996 2138 1105 2202; x_wconf 78' lang='lat' dir='ltr'><strong>misit.</strong></span> <span class='ocrx_word' id='word_1_97' title='bbox 1125 2135 1160 2203; x_wconf 94' lang='lat' dir='ltr'>N</span> <span class='ocrx_word' id='word_1_98' title='bbox 1162 2158 1232 2204; x_wconf 89' lang='lat' dir='ltr'><strong>unc</strong></span> 
     </span>
     <span class='ocr_line' id='line_1_16' title="bbox 1023 2256 1230 2337; baseline 0 -19"><span class='ocrx_word' id='word_1_99' title='bbox 1023 2266 1114 2319; x_wconf 87' lang='lat' dir='ltr'><strong>certe</strong></span> <span class='ocrx_word' id='word_1_100' title='bbox 1127 2256 1203 2319; x_wconf 82' lang='lat' dir='ltr'><strong>scio</strong></span> <span class='ocrx_word' id='word_1_101' title='bbox 1218 2303 1230 2337; x_wconf 92' lang='lat'>‚</span> 
     </span>
    </p>

    <p class='ocr_par' dir='ltr' id='par_1_10' title="bbox 315 2368 1233 2574">
     <span class='ocr_line' id='line_1_17' title="bbox 315 2368 1233 2458; baseline 0.003 -23"><span class='ocrx_word' id='word_1_102' title='bbox 315 2368 389 2435; x_wconf 90' lang='lat' dir='ltr'><strong>Hoc</strong></span> <span class='ocrx_word' id='word_1_103' title='bbox 401 2368 524 2435; x_wconf 88' lang='lat' dir='ltr'><strong>febrim</strong></span> <span class='ocrx_word' id='word_1_104' title='bbox 536 2369 601 2436; x_wconf 81' lang='lat' dir='ltr'><strong>tibi</strong></span> <span class='ocrx_word' id='word_1_105' title='bbox 613 2392 715 2450; x_wconf 81' lang='lat' dir='ltr'><strong>erre,</strong></span> <span class='ocrx_word' id='word_1_106' title='bbox 743 2372 822 2458; x_wconf 90' lang='lat' dir='ltr'><strong>quia</strong></span> <span class='ocrx_word' id='word_1_107' title='bbox 833 2391 898 2436; x_wconf 90' lang='lat' dir='ltr'><strong>nou</strong></span> <span class='ocrx_word' id='word_1_108' title='bbox 909 2368 994 2436; x_wconf 87' lang='lat' dir='ltr'><strong>licet</strong></span> <span class='ocrx_word' id='word_1_109' title='bbox 1005 2368 1066 2435; x_wconf 91' lang='lat' dir='ltr'><strong>hoo</strong></span> <span class='ocrx_word' id='word_1_110' title='bbox 1078 2370 1233 2454; x_wconf 84' lang='lat' dir='ltr'><strong>injicere</strong></span> 
     </span>
     <span class='ocr_line' id='line_1_18' title="bbox 1066 2484 1231 2574; baseline 0.012 -24"><span class='ocrx_word' id='word_1_111' title='bbox 1066 2484 1231 2574; x_wconf 77' lang='lat' dir='ltr'><strong>ungulas.</strong></span> 
     </span>
    </p>
   </div>
   <div class='ocr_carea' id='block_1_5' title="bbox 334 2625 1228 2696">
    <p class='ocr_par' dir='ltr' id='par_1_11' title="bbox 334 2625 1228 2696">
     <span class='ocr_line' id='line_1_19' title="bbox 334 2625 1228 2696; baseline 0.006 -17"><span class='ocrx_word' id='word_1_112' title='bbox 334 2625 378 2680; x_wconf 73' lang='lat'><strong>4³.</strong></span> <span class='ocrx_word' id='word_1_113' title='bbox 395 2629 421 2678; x_wconf 74' lang='lat' dir='ltr'><strong>ci</strong></span> <span class='ocrx_word' id='word_1_114' title='bbox 436 2627 509 2683; x_wconf 75' lang='lat' dir='ltr'><strong>dome·</strong></span> <span class='ocrx_word' id='word_1_115' title='bbox 524 2633 565 2678; x_wconf 68' lang='lat' dir='ltr'><strong>ert</strong></span> <span class='ocrx_word' id='word_1_116' title='bbox 580 2635 652 2680; x_wconf 73' lang='lat' dir='ltr'><strong>tucn.</strong></span> <span class='ocrx_word' id='word_1_117' title='bbox 687 2628 730 2681; x_wconf 86' lang='grc'><strong>44.</strong></span> <span class='ocrx_word' id='word_1_118' title='bbox 747 2645 798 2696; x_wconf 79' lang='lat' dir='ltr'><strong>quo</strong></span> <span class='ocrx_word' id='word_1_119' title='bbox 811 2631 909 2681; x_wconf 73' lang='lat' dir='ltr'><strong>minuo</strong></span> <span class='ocrx_word' id='word_1_120' title='bbox 925 2629 969 2682; x_wconf 74' lang='lat' dir='ltr'><strong>lvio</strong></span> <span class='ocrx_word' id='word_1_121' title='bbox 984 2646 1006 2683; x_wconf 76' lang='lat' dir='ltr'><strong>c.</strong></span> <span class='ocrx_word' id='word_1_122' title='bbox 1022 2629 1064 2682; x_wconf 87' lang='grc'><strong>47.</strong></span> <span class='ocrx_word' id='word_1_123' title='bbox 1080 2629 1155 2684; x_wconf 74' lang='lat' dir='ltr'><strong>uberi</strong></span> <span class='ocrx_word' id='word_1_124' title='bbox 1170 2646 1228 2684; x_wconf 77' lang='lat' dir='ltr'><strong>mc.</strong></span> 
     </span>
    </p>
   </div>
   <div class='ocr_carea' id='block_1_6' title="bbox 165 2770 1230 4060">
    <p class='ocr_par' dir='ltr' id='par_1_12' title="bbox 165 2770 1230 2978">
     <span class='ocr_line' id='line_1_20' title="bbox 291 2770 1230 2867; baseline 0.007 -26"><span class='ocrx_word' id='word_1_125' title='bbox 291 2782 340 2842; x_wconf 86' lang='lat' dir='ltr'><strong>Vs.</strong></span> <span class='ocrx_word' id='word_1_126' title='bbox 360 2783 410 2843; x_wconf 91' lang='grc'><strong>41.</strong></span> <span class='ocrx_word' id='word_1_127' title='bbox 431 2783 552 2861; x_wconf 71' lang='lat' dir='ltr'><strong>Syrus:</strong></span> <span class='ocrx_word' id='word_1_128' title='bbox 579 2782 651 2843; x_wconf 86' lang='lat' dir='ltr'><strong>vide</strong></span> <span class='ocrx_word' id='word_1_129' title='bbox 668 2783 708 2844; x_wconf 88' lang='lat' dir='ltr'><strong>de</strong></span> <span class='ocrx_word' id='word_1_130' title='bbox 724 2784 820 2844; x_wconf 79' lang='lat' dir='ltr'><strong>cervis</strong></span> <span class='ocrx_word' id='word_1_131' title='bbox 838 2783 923 2862; x_wconf 84' lang='lat' dir='ltr'><strong>Syris</strong></span> <span class='ocrx_word' id='word_1_132' title='bbox 941 2770 1153 2847; x_wconf 78' lang='lat' dir='ltr'><strong>testimonioiu</strong></span> <span class='ocrx_word' id='word_1_133' title='bbox 1169 2807 1230 2867; x_wconf 82' lang='lat' dir='ltr'><strong>pa-</strong></span> 
     </span>
     <span class='ocr_line' id='line_1_21' title="bbox 165 2889 1162 2978; baseline 0.007 -31"><span class='ocrx_word' id='word_1_134' title='bbox 165 2904 170 2914; x_wconf 90' lang='lat'><strong>·</strong></span> <span class='ocrx_word' id='word_1_135' title='bbox 250 2889 307 2948; x_wconf 80' lang='lat' dir='ltr'><strong>trio</strong></span> <span class='ocrx_word' id='word_1_136' title='bbox 326 2889 484 2950; x_wconf 86' lang='lat' dir='ltr'><strong>Ciceronis</strong></span> <span class='ocrx_word' id='word_1_137' title='bbox 502 2889 542 2950; x_wconf 87' lang='lat' dir='ltr'><strong>de</strong></span> <span class='ocrx_word' id='word_1_138' title='bbox 560 2889 644 2953; x_wconf 78' lang='lat' dir='ltr'><strong>Orat.</strong></span> <span class='ocrx_word' id='word_1_139' title='bbox 664 2891 707 2953; x_wconf 92' lang='grc' dir='ltr'><strong>ΙΙ.</strong></span> <span class='ocrx_word' id='word_1_140' title='bbox 727 2893 782 2966; x_wconf 86' lang='grc'><strong>66,</strong></span> <span class='ocrx_word' id='word_1_141' title='bbox 811 2892 921 2970; x_wconf 85' lang='lat' dir='ltr'><strong>ibique</strong></span> <span class='ocrx_word' id='word_1_142' title='bbox 939 2893 1111 2955; x_wconf 83' lang='lat' dir='ltr'><strong>Turnebus.</strong></span> <span class='ocrx_word' id='word_1_143' title='bbox 1159 2974 1162 2978; x_wconf 10' lang='grc' dir='ltr'><strong>Α</strong></span> 
     </span>
    </p>

    <p class='ocr_par' dir='ltr' id='par_1_13' title="bbox 248 2999 1230 3518">
     <span class='ocr_line' id='line_1_22' title="bbox 291 2999 1228 3080; baseline 0.007 -22"><span class='ocrx_word' id='word_1_144' title='bbox 291 2999 343 3060; x_wconf 83' lang='lat' dir='ltr'><strong>Vs.</strong></span> <span class='ocrx_word' id='word_1_145' title='bbox 363 3000 412 3061; x_wconf 93' lang='grc'><strong>44.</strong></span> <span class='ocrx_word' id='word_1_146' title='bbox 432 3000 512 3080; x_wconf 78' lang='lat' dir='ltr'><strong>quod</strong></span> <span class='ocrx_word' id='word_1_147' title='bbox 526 3001 638 3060; x_wconf 76' lang='lat' dir='ltr'><strong>miseco</strong></span> <span class='ocrx_word' id='word_1_148' title='bbox 654 3001 714 3061; x_wconf 78' lang='lat' dir='ltr'><strong>huc</strong></span> <span class='ocrx_word' id='word_1_149' title='bbox 727 3021 814 3060; x_wconf 79' lang='lat' dir='ltr'><strong>eum:</strong></span> <span class='ocrx_word' id='word_1_150' title='bbox 832 3001 877 3061; x_wconf 84' lang='lat' dir='ltr'><strong>sio</strong></span> <span class='ocrx_word' id='word_1_151' title='bbox 893 3000 980 3062; x_wconf 83' lang='lat' dir='ltr'><strong>Acid.</strong></span> <span class='ocrx_word' id='word_1_152' title='bbox 996 3003 1114 3064; x_wconf 86' lang='lat' dir='ltr'><strong>alicubi</strong></span> <span class='ocrx_word' id='word_1_153' title='bbox 1130 3004 1228 3065; x_wconf 84' lang='lat' dir='ltr'><strong>scin-</strong></span> 
     </span>
     <span class='ocr_line' id='line_1_23' title="bbox 252 3108 1230 3190; baseline 0.007 -22"><span class='ocrx_word' id='word_1_154' title='bbox 252 3108 373 3171; x_wconf 67' lang='lat' dir='ltr'><strong>veni‘sse</strong></span> <span class='ocrx_word' id='word_1_155' title='bbox 385 3117 535 3188; x_wconf 80' lang='lat' dir='ltr'><strong>testatur;</strong></span> <span class='ocrx_word' id='word_1_156' title='bbox 553 3109 664 3190; x_wconf 76' lang='lat' dir='ltr'><strong>vulgo:</strong></span> <span class='ocrx_word' id='word_1_157' title='bbox 684 3110 1011 3190; x_wconf 74' lang='lat' dir='ltr'><strong>quorciccuchicvum,</strong></span> <span class='ocrx_word' id='word_1_158' title='bbox 1028 3110 1127 3189; x_wconf 89' lang='lat' dir='ltr'><strong>quod,</strong></span> <span class='ocrx_word' id='word_1_159' title='bbox 1147 3111 1230 3175; x_wconf 84' lang='lat' dir='ltr'><strong>licet</strong></span> 
     </span>
     <span class='ocr_line' id='line_1_24' title="bbox 250 3217 1227 3305; baseline 0.006 -27"><span class='ocrx_word' id='word_1_160' title='bbox 250 3237 355 3279; x_wconf 87' lang='lat' dir='ltr'><strong>omncs</strong></span> <span class='ocrx_word' id='word_1_161' title='bbox 372 3217 440 3279; x_wconf 84' lang='lat' dir='ltr'><strong>Mss.</strong></span> <span class='ocrx_word' id='word_1_162' title='bbox 451 3228 483 3279; x_wconf 87' lang='lat' dir='ltr'><strong>ct</strong></span> <span class='ocrx_word' id='word_1_163' title='bbox 492 3218 583 3279; x_wconf 85' lang='lat' dir='ltr'>editt.</span> <span class='ocrx_word' id='word_1_164' title='bbox 595 3218 757 3293; x_wconf 84' lang='lat' dir='ltr'>exhibent,</span> <span class='ocrx_word' id='word_1_165' title='bbox 776 3217 854 3279; x_wconf 83' lang='lat' dir='ltr'><strong>ferri</strong></span> <span class='ocrx_word' id='word_1_166' title='bbox 863 3239 926 3280; x_wconf 91' lang='lat' dir='ltr'><strong>non</strong></span> <span class='ocrx_word' id='word_1_167' title='bbox 933 3228 1045 3305; x_wconf 85' lang='lat' dir='ltr'><strong>potest.</strong></span> <span class='ocrx_word' id='word_1_168' title='bbox 1069 3219 1227 3284; x_wconf 84' lang='lat' dir='ltr'><strong>Fastidio·</strong></span> 
     </span>
     <span class='ocr_line' id='line_1_25' title="bbox 248 3327 1226 3408; baseline 0.005 -21"><span class='ocrx_word' id='word_1_169' title='bbox 248 3347 316 3387; x_wconf 81' lang='lat' dir='ltr'><strong>cum</strong></span> <span class='ocrx_word' id='word_1_170' title='bbox 334 3329 482 3408; x_wconf 76' lang='lat' dir='ltr'><strong>quicquid</strong></span> <span class='ocrx_word' id='word_1_171' title='bbox 498 3337 543 3387; x_wconf 75' lang='lat' dir='ltr'><strong>eet</strong></span> <span class='ocrx_word' id='word_1_172' title='bbox 553 3347 665 3386; x_wconf 76' lang='lat' dir='ltr'><strong>nomen</strong></span> <span class='ocrx_word' id='word_1_173' title='bbox 675 3327 919 3389; x_wconf 80' lang='lat' dir='ltr'><strong>tibicorumdem</strong></span> <span class='ocrx_word' id='word_1_174' title='bbox 929 3331 1117 3391; x_wconf 79' lang='lat' dir='ltr'><strong>auctoritate</strong></span> <span class='ocrx_word' id='word_1_175' title='bbox 1126 3329 1226 3392; x_wconf 81' lang='lat' dir='ltr'><strong>Pecu-</strong></span> 
     </span>
     <span class='ocr_line' id='line_1_26' title="bbox 248 3434 1197 3518; baseline 0.007 -24"><span class='ocrx_word' id='word_1_176' title='bbox 248 3434 320 3496; x_wconf 91' lang='lat' dir='ltr'><strong>dolo</strong></span> <span class='ocrx_word' id='word_1_177' title='bbox 335 3436 476 3511; x_wconf 83' lang='lat' dir='ltr'><strong>restitui,</strong></span> <span class='ocrx_word' id='word_1_178' title='bbox 504 3437 559 3516; x_wconf 90' lang='lat' dir='ltr'><strong>qui</strong></span> <span class='ocrx_word' id='word_1_179' title='bbox 575 3437 722 3518; x_wconf 73' lang='lat' dir='ltr'><strong>Harpagis</strong></span> <span class='ocrx_word' id='word_1_180' title='bbox 735 3458 848 3499; x_wconf 85' lang='lat' dir='ltr'><strong>nomeu</strong></span> <span class='ocrx_word' id='word_1_181' title='bbox 863 3438 1001 3499; x_wconf 86' lang='lat' dir='ltr'><strong>nondum</strong></span> <span class='ocrx_word' id='word_1_182' title='bbox 1018 3449 1197 3518; x_wconf 78' lang='lat' dir='ltr'><strong>rogaverat.</strong></span> 
     </span>
    </p>

    <p class='ocr_par' dir='ltr' id='par_1_14' title="bbox 249 3544 1223 3732">
     <span class='ocr_line' id='line_1_27' title="bbox 288 3544 1223 3629; baseline 0.007 -26"><span class='ocrx_word' id='word_1_183' title='bbox 288 3544 339 3605; x_wconf 86' lang='lat' dir='ltr'><strong>Vs.</strong></span> <span class='ocrx_word' id='word_1_184' title='bbox 357 3546 406 3606; x_wconf 89' lang='grc'><strong>46.</strong></span> <span class='ocrx_word' id='word_1_185' title='bbox 417 3544 513 3625; x_wconf 61' lang='lat' dir='ltr'><strong>{quom</strong></span> <span class='ocrx_word' id='word_1_186' title='bbox 529 3546 592 3629; x_wconf 68' lang='lat' dir='ltr'><strong>ipsi</strong></span> <span class='ocrx_word' id='word_1_187' title='bbox 608 3547 745 3621; x_wconf 75' lang='lat' dir='ltr'><strong>dederis,</strong></span> <span class='ocrx_word' id='word_1_188' title='bbox 766 3568 841 3629; x_wconf 89' lang='lat' dir='ltr'><strong>pro:</strong></span> <span class='ocrx_word' id='word_1_189' title='bbox 859 3565 952 3626; x_wconf 86' lang='lat' dir='ltr'><strong>quam</strong></span> <span class='ocrx_word' id='word_1_190' title='bbox 967 3548 993 3608; x_wconf 90' lang='lat' dir='ltr'><strong>si</strong></span> <span class='ocrx_word' id='word_1_191' title='bbox 1009 3547 1068 3628; x_wconf 89' lang='lat' dir='ltr'><strong>ipsi</strong></span> <span class='ocrx_word' id='word_1_192' title='bbox 1084 3546 1223 3610; x_wconf 73' lang='lat' dir='ltr'><strong>dederis.</strong></span> 
     </span>
     <span class='ocr_line' id='line_1_28' title="bbox 249 3653 1220 3732; baseline 0.005 -19"><span class='ocrx_word' id='word_1_193' title='bbox 249 3653 365 3732; x_wconf 83' lang='lat' dir='ltr'><strong>Copula</strong></span> <span class='ocrx_word' id='word_1_194' title='bbox 382 3654 411 3712; x_wconf 79' lang='lat' dir='ltr'><strong>vi</strong></span> <span class='ocrx_word' id='word_1_195' title='bbox 428 3655 586 3716; x_wconf 85' lang='lat' dir='ltr'><strong>omittitur</strong></span> <span class='ocrx_word' id='word_1_196' title='bbox 602 3656 696 3718; x_wconf 87' lang='lat' dir='ltr'><strong>etiam</strong></span> <span class='ocrx_word' id='word_1_197' title='bbox 713 3656 792 3720; x_wconf 81' lang='lat' dir='ltr'><strong>Men.</strong></span> <span class='ocrx_word' id='word_1_198' title='bbox 814 3658 843 3731; x_wconf 90' lang='lat' dir='ltr'><strong>l,</strong></span> <span class='ocrx_word' id='word_1_199' title='bbox 874 3658 907 3732; x_wconf 88' lang='lat' dir='ltr'><strong>l,</strong></span> <span class='ocrx_word' id='word_1_200' title='bbox 934 3657 968 3717; x_wconf 90' lang='lat' dir='ltr'><strong>ll</strong></span> <span class='ocrx_word' id='word_1_201' title='bbox 989 3657 1072 3732; x_wconf 85' lang='lat' dir='ltr'><strong>etl,</strong></span> <span class='ocrx_word' id='word_1_202' title='bbox 1105 3655 1140 3731; x_wconf 86' lang='lat'><strong>3,</strong></span> <span class='ocrx_word' id='word_1_203' title='bbox 1167 3656 1220 3719; x_wconf 83' lang='grc'><strong>24.</strong></span> 
     </span>
    </p>

    <p class='ocr_par' dir='ltr' id='par_1_15' title="bbox 245 3760 1223 4060">
     <span class='ocr_line' id='line_1_29' title="bbox 289 3760 1223 3840; baseline 0.007 -21"><span class='ocrx_word' id='word_1_204' title='bbox 289 3760 338 3821; x_wconf 80' lang='lat' dir='ltr'><strong>Vs.</strong></span> <span class='ocrx_word' id='word_1_205' title='bbox 367 3762 416 3822; x_wconf 89' lang='grc'><strong>47.</strong></span> <span class='ocrx_word' id='word_1_206' title='bbox 446 3762 484 3821; x_wconf 89' lang='lat' dir='ltr'><strong>In</strong></span> <span class='ocrx_word' id='word_1_207' title='bbox 504 3762 572 3824; x_wconf 80' lang='lat' dir='ltr'><strong>Mos.</strong></span> <span class='ocrx_word' id='word_1_208' title='bbox 600 3765 727 3840; x_wconf 69' lang='lat' dir='ltr'><strong>Pallae,</strong></span> <span class='ocrx_word' id='word_1_209' title='bbox 758 3765 853 3827; x_wconf 83' lang='lat' dir='ltr'><strong>sicuti</strong></span> <span class='ocrx_word' id='word_1_210' title='bbox 876 3766 910 3825; x_wconf 91' lang='lat' dir='ltr'><strong>in</strong></span> <span class='ocrx_word' id='word_1_211' title='bbox 926 3766 998 3828; x_wconf 72' lang='lat' dir='ltr'><strong>(lod.</strong></span> <span class='ocrx_word' id='word_1_212' title='bbox 1018 3765 1113 3827; x_wconf 83' lang='lat' dir='ltr'>dead.</span> <span class='ocrx_word' id='word_1_213' title='bbox 1132 3764 1223 3828; x_wconf 73' lang='lat' dir='ltr'><strong>abeat</strong></span> 
     </span>
     <span class='ocr_line' id='line_1_30' title="bbox 247 3854 1221 3955; baseline 0.007 -25"><span class='ocrx_word' id='word_1_214' title='bbox 247 3892 316 3930; x_wconf 80' lang='lat' dir='ltr'><strong>me:</strong></span> <span class='ocrx_word' id='word_1_215' title='bbox 351 3870 435 3949; x_wconf 88' lang='lat' dir='ltr'><strong>quod</strong></span> <span class='ocrx_word' id='word_1_216' title='bbox 463 3873 589 3952; x_wconf 76' lang='lat' dir='ltr'><strong>egregio</strong></span> <span class='ocrx_word' id='word_1_217' title='bbox 614 3884 715 3936; x_wconf 84' lang='lat' dir='ltr'><strong>metro</strong></span> <span class='ocrx_word' id='word_1_218' title='bbox 742 3875 891 3950; x_wconf 86' lang='lat' dir='ltr'><strong>consulit,</strong></span> <span class='ocrx_word' id='word_1_219' title='bbox 931 3876 964 3935; x_wconf 90' lang='lat' dir='ltr'><strong>in</strong></span> <span class='ocrx_word' id='word_1_220' title='bbox 980 3854 1070 3955; x_wconf 77' lang='lat' dir='ltr'><strong>cujus</strong></span> <span class='ocrx_word' id='word_1_221' title='bbox 1086 3875 1221 3955; x_wconf 78' lang='lat' dir='ltr'><strong>gratiam</strong></span> 
     </span>
     <span class='ocr_line' id='line_1_31' title="bbox 245 3980 507 4060; baseline -0.004 -17"><span class='ocrx_word' id='word_1_222' title='bbox 245 3981 319 4044; x_wconf 89' lang='lat' dir='ltr'><strong>olim</strong></span> <span class='ocrx_word' id='word_1_223' title='bbox 339 3980 507 4060; x_wconf 78' lang='lat' dir='ltr'><strong>adjectum.</strong></span> 
     </span>
    </p>
   </div>
   <div class='ocr_carea' id='block_1_7' title="bbox 0 0 1340 5146">
    <p class='ocr_par' dir='ltr' id='par_1_16' title="bbox 0 0 1340 5146">
     <span class='ocr_line' id='line_1_32' title="bbox 0 0 1340 5146; baseline 0 1"><span class='ocrx_word' id='word_1_224' title='bbox 0 0 1340 5146; x_wconf 95' lang='lat' dir='ltr'><strong> </strong></span> 
     </span>
    </p>
   </div>
  </div>
 </body>
</html>
