2670 5146
716 393 792 467 15¹3

269 649 324 713 dt.
336 644 449 730 Atque
475 643 510 704 in
535 639 622 702 hune
652 635 788 700 intende
811 634 976 721 digitum:
1002 635 1057 700 ltie
1079 634 1159 703 lena
1179 654 1245 711 eat.

778 770 834 815 aa.
847 747 895 813 At
907 748 963 814 hie
977 762 1029 815 eet
1041 751 1096 815 vir
1106 751 1247 837 probus.

333 872 402 940 Sed
415 885 450 937 tu
464 917 474 950 ‚
488 869 574 934 bane
586 868 638 931 vir
653 911 663 943 ,
678 862 830 949 flagitare
843 880 942 949 aaepe
953 860 1097 929 elamore
1108 867 1146 930 in
1159 867 1245 948 loru,

333 986 419 1055 cam
432 981 552 1050 libella
565 999 727 1067 nusquam
739 988 791 1042 eat
806 1023 814 1055 ‚
836 978 905 1041 nisi
917 977 998 1064 quid
1009 977 1087 1044 leno
1096 979 1154 1046 hie
1166 981 1246 1047 eub-

1056 1098 1243 1162 venittibi.

334 1238 393 1282 ιιι.
419 1214 559 1291 Quinta
570 1229 701 1275 meeum
713 1206 891 1274 fabularel
915 1229 970 1274 aa.
984 1209 1148 1277 Fabulae:
1164 1213 1246 1300 quid

1087 1328 1140 1392 vie
1154 1327 1244 1392 time

332 1470 391 1513 ιιι.
417 1446 605 1532 Argentum
617 1443 780 1527 accipias.
805 1460 861 1507 aa.
879 1440 1101 1520 Iamdudum,
1117 1444 1150 1507 ai
1163 1442 1244 1520 dea,

946 1559 1088 1641 porrexi
1100 1577 1243 1624 manum.

268 1682 321 1750 50.
334 1698 394 1745 ae.
418 1675 570 1761 Accipe:
595 1672 652 1736 hie
672 1683 750 1737 sunt
762 1672 909 1758 quinque
922 1672 1054 1757 argenti
1064 1668 1174 1738 lectae
1186 1694 1244 1738 nu·

961 1797 1108 1851 meratae
1118 1790 1242 1859 minae.

333 1907 407 1974 Hoc
421 1904 487 1971 tibi
501 1904 601 1969 herue
612 1924 667 1969 me
685 1903 795 1988 jussit
808 1902 897 1967 farre
910 1899 1241 1990 Polymachaeropla-

1120 2018 1215 2084 cides
1229 2064 1239 2098 ,

333 2135 432 2215 Quod
446 2135 582 2200 deberet
598 2179 607 2212 ,
633 2147 732 2219 atque
743 2146 780 2196 ut
792 2151 920 2197 meeum
933 2134 1085 2198 mitteres
1097 2132 1241 2199 Phoeni·

1139 2270 1238 2315 erum.

249 2460 253 2471 '
332 2453 375 2504 46.
393 2451 441 2502 eed
458 2455 489 2500 tet
504 2464 604 2501 nanee
621 2449 704 2517 eins.
722 2464 744 2498 e.
763 2451 795 2497 e'ee
812 2446 927 2499 elamore
943 2449 976 2498 tn
986 2450 1064 2516 feru,

330 2545 375 2600 47.
392 2560 454 2598 eum
470 2543 558 2594 libello
574 2560 603 2596 n.
622 2559 645 2594 e.
663 2544 721 2593 niet
736 2544 816 2609 quod.
851 2541 893 2594 ta.
907 2545 970 2609 June
986 2543 1012 2593 ei
1030 2543 1139 2594 dudum.

332 2642 376 2696 to.
395 2645 613 2705 numerumque.

262 2792 341 2856 xvl.
370 2791 405 2853 ll
424 2792 547 2853 mavult
565 2811 586 2850 a
610 2791 704 2851 (lario
721 2792 783 2871 inf.
825 2791 890 2851 Nisi
904 2791 999 2852 Paria.
1017 2792 1237 2857 auctoritatem

261 2901 353 2980 aequi
369 2900 462 2975 lieet,
485 2899 586 2961 donee
601 2899 732 2961 meliora
747 2899 929 2974 afferantur,
953 2899 1112 2962 adsentior
1126 2902 1235 2975 sulm„

261 3010 423 3090 vulgatam
451 3008 497 3070 eie
515 3009 701 3088 exponenti,
734 3018 771 3069 nt
788 3009 895 3068 aurine
912 3008 953 3069 eit
969 3029 986 3069 a
1004 3029 1097 3084 mera,
1128 3020 1167 3072 ut
1182 3032 1236 3093 ag·

263 3138 323 3180 nna
356 3118 444 3179 eurio
479 3117 551 3179 Aul.
578 3118 614 3192 3,
648 3118 682 3191 6,
713 3117 754 3177 27
790 3116 924 3189 dicitur,
965 3117 1022 3194 qai
1047 3138 1115 3180 osea
1140 3128 1236 3197 atque

262 3228 357 3308 pallis
374 3235 459 3289 totae
477 3235 541 3301 eet,
572 3227 619 3288 ita
636 3245 711 3288 eura
728 3235 846 3288 maaet:
877 3225 1024 3287 hocloco
1041 3228 1166 3288 carium
1182 3230 1235 3288 in-

252 3337 437 3413 fortunium
453 3334 550 3409 dixit,
573 3353 637 3413 quo
653 3354 758 3396 macer
776 3334 866 3395 reddi
882 3335 979 3414 possit
994 3335 1070 3410 iste,
1096 3337 1153 3414 qui
1172 3346 1234 3400 tam

258 3444 395 3504 sollicite
411 3452 594 3521 quaereret,
626 3442 682 3504 ubi
698 3451 779 3504 esset
795 3442 894 3504 Ballio
910 3443 993 3505 lena.

283 3551 351 3612 ‘Va
380 3552 430 3612 45.
459 3551 498 3611 e'n
522 3553 606 3613 hune
629 3552 759 3612 intende
784 3552 937 3632 diuitum:
966 3553 1133 3615 intendere
1149 3555 1233 3636 digi-

259 3667 327 3717 tum
351 3657 487 3719 medium
506 3660 540 3719 in
557 3661 712 3739 aliquem,
741 3673 789 3726 eet
805 3661 940 3722 maxima
957 3661 1088 3723 ludibrii
1105 3673 1139 3724 et
1155 3683 1231 3727 eon·

259 3776 375 3828 temtus
392 3786 509 3847 genera
526 3771 666 3831 allicere:
697 3771 889 3832 locutionem
904 3773 1055 3852 exemplis
1068 3772 1233 3836 illustrant

259 3877 353 3938 Gran.
383 3875 416 3936 Ι..
448 3876 480 3937 P.
509 3897 539 3957 p.
559 3879 619 3939 267
630 3902 644 3956 ;.
669 3880 783 3942 Pareae
799 3879 940 3943 indual.
959 3879 1082 3958 Plaut.;
1113 3881 1229 3946 nram.

257 3983 353 4064 ldag.
371 3984 450 4047 chii.
471 3985 512 4047 ll.
535 3987 621 4048 Ceut.
641 3990 670 4050 d.
691 4008 721 4050 n.
743 3990 791 4050 dd.
1031 3975 1034 3978 ⁴
