2670 5146
708 379 787 456 164

272 627 347 688 100.
357 620 457 686 Nihil
470 634 523 687 est
534 621 634 686 hodie
646 619 702 686 hic
715 620 930 706 sycophantia
945 634 1103 708 quaestus
1119 643 1127 688 :
1147 626 1240 708 proin

1028 750 1064 801 tn
1076 736 1242 803 Pseudolo

358 853 509 921 Nuneies
523 897 533 931 ,
547 850 734 916 abduxisse
746 849 849 915 alium
859 850 1036 936 praedam3
1060 855 1121 938 qui
1131 875 1244 917 oecur-

1099 968 1145 1031 rit
1155 970 1245 1053 prior

358 1085 511 1170 Harpax.
532 1103 590 1147 ns.
604 1081 640 1146 Is
654 1081 788 1169 quidem
801 1078 919 1167 edepol
929 1081 1072 1168 Harpax
1085 1104 1147 1168 ego
1160 1104 1244 1148 sum.

774 1215 829 1261 ua.
843 1195 947 1260 Immo
960 1194 1078 1283 edepol
1091 1219 1169 1262 esse
1181 1201 1246 1264 vis.

359 1316 468 1380 Purus
479 1326 581 1400 putus
596 1312 651 1377 hie
664 1310 867 1396 sycophanta
880 1323 943 1375 est.
962 1331 1018 1375 nn.
1031 1311 1103 1397 Ego
1116 1310 1183 1376 tibi
1195 1335 1246 1376 ar·

994 1439 1130 1512 gentum
1143 1427 1222 1492 dedi
1235 1474 1244 1506 ‚

357 1547 401 1608 Et
422 1544 546 1608 dudum
569 1541 750 1607 adveniens
765 1538 937 1627 extemplo
948 1538 1137 1625 symbolum
1150 1565 1246 1608 servo

1167 1671 1223 1722 tuo
1236 1704 1246 1737 ,

273 1777 347 1842 105.
361 1775 458 1840 Heri.
475 1775 623 1860 imagine
657 1772 866 1859 obsignatam
888 1770 1065 1857 epistolam
1089 1773 1147 1838 hie
1170 1788 1245 1839 aute

1110 1891 1246 1954 ostium.

358 2028 413 2071 nn.
438 2005 517 2071 Meo
528 2017 564 2071 tu
577 2001 753 2092 epistolam
766 2003 894 2069 dedisti
906 2003 1029 2073 servui
1052 2005 1109 2070 eui
1122 2005 1245 2070 servoi

1065 2141 1123 2184 us.
1150 2119 1247 2203 Syro.

358 2258 412 2302 nn.
438 2234 513 2302 Non
537 2232 677 2300 confidit
689 2258 699 2313 3
726 2233 930 2323 sycophanta
952 2233 1161 2322 hienequam
1176 2248 1247 2302 est:

833 2351 933 2435 nugis
946 2349 1126 2415 meditetur
1137 2348 1226 2416 male
1238 2373 1247 2417 t

344 2512 402 2564 100.
422 2512 617 2577 sycophantiis.
655 2510 799 2561 lunulam
804 2510 946 2575 praedam.
985 2509 1042 2565 107.
1053 2510 1190 2579 hiemeque
1199 2521 1246 2565 est.

276 2668 336 2728 hoo
360 2666 446 2740 vult,
467 2674 516 2724 .ut
543 2663 643 2725 Ballio
671 2664 790 2743 cupiat,
821 2682 930 2724 revera
955 2663 1040 2722 obire
1058 2664 1247 2745 harpagum,

274 2776 329 2836 sed
360 2774 467 2835 eadem
495 2772 617 2833 ratione
643 2771 696 2831 hie
722 2780 907 2851 usurpatur,
947 2790 1010 2850 que
1032 2773 1153 2852 saepius
1181 2776 1250 2848 uhi,

273 2882 325 2942 ahi
346 2882 445 2953 modo,
477 2881 609 2954 imodo,
643 2879 693 2940 ati
712 2881 750 2939 uh
773 2880 886 2953 oeulis,
922 2880 1051 2954 similia,
1080 2893 1252 2958 quaesunt

270 2990 400 3052 moleste
419 2990 568 3063 ferentis,
603 2998 635 3049 et
655 2988 816 3051 fastidiose
836 2989 1041 3069 repudiantis.

310 3098 360 3160 Vs.
381 3100 448 3160 107.
467 3117 531 3157 ooo
548 3097 694 3178 confidi&
717 3108 773 3158 ete.
817 3099 884 3158 Nou
901 3098 1053 3159 intactum
1072 3099 1249 3180 ahirepussi

275 3216 348 3268 suut
377 3208 608 3269 huneversum
628 3208 832 3287 interpretes,
865 3207 919 3267 sed
939 3207 1026 3267 vario
1044 3206 1136 3268 modo
1156 3208 1251 3268 refin-

268 3337 343 3397 gere
373 3324 585 3378 tentaverunt.
636 3316 772 3376 Primum
800 3315 885 3376 haud
905 3316 1061 3376 immerito
1082 3315 1244 3377 offendunt

208 3457 210 3467 ι
271 3425 368 3487 verba
387 3445 452 3484 ooo
472 3424 612 3505 confidit,
641 3444 711 3484 eum
733 3433 837 3485 tamen
856 3425 976 3504 Harpax
995 3423 1034 3485 ud
1052 3424 1156 3486 omnia
1173 3444 1248 3486 eun·

274 3533 408 3593 fidenter
435 3532 616 3614 respondet,
649 3552 708 3594 nee
738 3552 869 3613 nsquam
891 3532 1010 3593 haeret.
1052 3532 1140 3593 Sient
1162 3534 1247 3594 loeus

272 3658 357 3699 nune
377 3639 509 3718 legitur,
534 3640 673 3721 expediri
696 3660 768 3702 sane
793 3639 924 3720 nequit;
946 3639 999 3701 sed
1016 3639 1103 3702 adest
1121 3640 1243 3720 steph„

275 3747 331 3824 qui
361 3748 454 3808 uniee
484 3769 591 3810 verum
621 3749 766 3811 exhibet:
800 3770 874 3809 oum
895 3748 1046 3828 euspiditi
1077 3750 1098 3808 i.
1121 3748 1248 3826 equid

274 3855 366 3928 dieis,
416 3853 523 3915 simo?
569 3879 672 3920 nonne
707 3859 759 3920 hie
790 3867 836 3918 est
865 3859 964 3920 audax
994 3867 1026 3917 et
1055 3855 1244 3938 impudens?

274 3983 365 4041 quam
395 3963 524 4027 confidit
553 3966 649 4029 dolis!
680 3989 742 4029 non
773 3967 897 4029 dubitat
917 3968 956 4027 de
976 3966 1125 4028 victoria:
1158 3964 1246 4024 nulla
