2670 5146
640 405 693 481 29

246 653 351 721 Mihi.
383 651 456 739 Ego
468 671 507 715 eo
518 648 556 715 ln
566 644 767 726 macellum,
783 663 821 714 ut
832 651 980 736 piscium
992 657 1161 749 quiequid.

726 777 800 844 est,
819 769 929 852 pretio
938 776 1155 856 praestiuem.

244 885 492 973 Ipuereprae‚
515 881 748 971 nequisquam
765 882 946 965 pertundat
968 904 1157 956 crumenam

967 1003 1076 1066 cautio
1091 1017 1156 1070 est.

245 1115 315 1184 Vel
337 1116 512 1204 opperire:
538 1125 591 1179 est
615 1111 703 1202 quod
727 1110 817 1175 domi
841 1111 954 1179 dicere
976 1135 1082 1201 paene
1104 1119 1158 1185 fui

151 1207 153 1213 ¹
1016 1229 1157 1298 oblitus·

244 1343 419 1414 Auditin’t
430 1342 542 1423 vobis,
554 1340 729 1422 mulieres,
739 1341 823 1407 hanc
832 1340 937 1408 habco
944 1344 1156 1416 edictionem:

176 1468 236 1530 40.
248 1461 322 1528 Vos
346 1481 431 1548 quae
452 1458 491 1523 in
507 1457 714 1536 mundialis,
737 1455 927 1536 molliciiS‚
953 1452 1158 1549 deliciisque

836 1572 1016 1641 aetatulam
1027 1579 1133 1665 agitis
1144 1624 1155 1657 ‚

221 1751 271 1811 Vs.
298 1750 348 1810 36.
373 1749 509 1830 piscium
536 1747 685 1828 quiequid
708 1757 772 1806 eet:
800 1747 931 1810 fortasse
957 1749 1011 1810 hic
1031 1735 1157 1829 quoquc

178 1861 267 1921 locus
295 1867 344 1918 est
372 1855 648 1930 animadversioni,
664 1860 767 1932 'quam
786 1854 917 1934 legimus
933 1858 1016 1937 apud
1028 1858 1156 1921 Ruhnk.

180 1967 220 2028 ad
249 1968 321 2028 Ter.
352 1966 424 2026 Heo.
446 1966 483 2038 3,
514 1965 546 2037 5,
581 1963 637 2036 13,
668 1971 791 2022 veteres
810 1963 878 2023 soil.
899 1983 966 2023 rem
985 1964 1043 2025 hoc
1063 1966 1155 2027 modo

179 2075 353 2136 extenuare
380 2074 491 2135 solere.
522 2104 563 2115 -
587 2071 692 2154 pretio
719 2072 928 2153 praestirerit:
964 2071 1004 2132 dc
1018 2076 1155 2155 proasti-

180 2204 257 2243 care
287 2191 320 2242 ct
348 2183 507 2242 destinare
526 2199 587 2260 pro
607 2200 705 2238 emere
726 2179 775 2240 off.
797 2179 891 2240 Gron.
913 2179 945 2239 L.
968 2181 1002 2240 P.
1022 2202 1053 2261 p.
1077 2182 1153 2244 150:

173 2293 276 2374 pretio
300 2292 353 2352 hie
380 2289 541 2351 abundare
566 2287 710 2363 videtur,
740 2296 778 2348 ut
804 2297 932 2368 arpenta
958 2288 1044 2369 Epid.
1066 2290 1096 2350 2.
1124 2292 1153 2352 2.

175 2401 232 2461 92ε
271 2420 310 2460 ex
335 2399 450 2476 quibus
476 2398 608 2476 adjectis
632 2397 714 2458 forta
742 2397 900 2477 conjicere
927 2397 1019 2472 licet,
1059 2399 1155 2462 verba

173 2509 373 2589 praemicare
404 2514 438 2566 ot
464 2505 623 2566 destinare
649 2505 835 2586 simpliciter
861 2525 919 2587 pro
945 2525 1044 2564 emere
1071 2506 1155 2569 anti·
1181 2492 1183 2497 ’

177 2615 335 2694 quissimis
361 2614 553 2696 temporibus
580 2614 719 2677 nondum
743 2614 777 2674 iu
804 2634 866 2675 usu
888 2614 994 2675 luisse.

219 2723 270 2784 Vs.
293 2724 342 2785 37.
366 2723 470 2783 cautio
491 2732 554 2797 est,
586 2723 607 2785 i.
627 2742 654 2783 e.
672 2724 843 2783 cavendam
859 2733 915 2783 eet.
957 2723 1070 2784 Metuit
1086 2743 1155 2785 seo·

178 2842 260 2893 tores
294 2833 451 2907 rorarios,
491 2812 625 2909 quorum
660 2831 765 2913 lepida
795 2841 843 2893 est
873 2825 1043 2912 descriptio
1067 2832 1153 2894 Trin.

178 2943 211 3015 l,
239 2943 275 3016 2,
306 2941 355 3001 20.
385 2959 453 3019 sqq.
505 2940 570 3002 Nisi
596 2942 713 3002 diserto
740 2961 863 3003 causam
887 2941 1017 3002 adderet
1042 2946 1151 3021 poeta,

178 3048 316 3129 Theoph.
348 3055 411 3122 περί
436 3052 566 3122 ἀπιστίας
591 3049 742 3111 inducere
765 3059 885 3130 posset,
926 3057 963 3108 ut
987 3047 1081 3109 aliam
1104 3066 1153 3107 as-

176 3157 368 3236 signaremus
401 3156 588 3238 prudentiae
622 3158 760 3230 lenonis,
792 3176 926 3238 puerum
949 3154 1075 3235 praeire
1098 3153 1152 3233 ju-

175 3263 297 3327 bentis:
328 3269 376 3327 riv
408 3269 521 3328 ἄπιστον
554 3268 638 3329 enim
663 3267 742 3327 dicit
768 3270 815 3328 riv
845 3264 932 3326 ceila
960 3262 1155 3324 ἀκολουθοῦντα

176 3378 296 3435 κελεύειν
324 3376 411 3436 αὑτοῦ
442 3373 545 3437 ’ὄπισθεν
577 3384 614 3450 μὴ
653 3377 791 3455 βαδίζειν,
824 3374 894 3434 ἀλλ’
922 3370 1077 3448 ἔμπροσθεν,
1108 3369 1153 3431 ‘loe

177 3482 360 3558 Φυλάττητιιι
378 3483 466 3553 αὐτὸ,
491 3493 529 3558 μὴ
550 3491 576 3545 ἓν
593 3491 628 3561 τῇ
652 3485 700 3563 ὁδῷ
722 3482 871 3558 ἀποδράσῃ.
892 3515 928 3535 -s

215 3588 265 3650 Vs.
293 3590 342 3651 lO.
371 3591 563 3651 accenderitis
593 3591 770 3650 moediciae
794 3595 868 3648 sunt
890 3587 991 3661 nitor,
1022 3586 1150 3666 elegan-

178 3697 236 3770 tia,
275 3696 309 3756 in
344 3699 498 3773 vestibus,
540 3699 737 3781 supellectile
764 3706 825 3758 eto.
853 3695 1038 3775 conspicua:
1076 3694 1152 3755 hinc

176 3805 301 3879 munda,
337 3804 410 3866 Cist.
438 3809 472 3881 1,
503 3810 534 3880 1,
564 3810 602 3869 57
627 3827 684 3889 pro
709 3807 813 3866 nitida
822 3805 959 3887 semino.
984 3836 1026 3848 -
1051 3801 1146 3862 Aeto-

175 3912 285 3987 tulam,
312 3916 409 3976 vitam
425 3916 569 3992 mollem,
599 3914 820 3996 voluptariam:
846 3913 896 3977 off.
912 3913 985 3974 intt.
1009 3909 1048 3972 ad
1062 3909 1146 3971 Suet.

178 4021 280 4084 Claud.
306 4023 353 4084 16.
