2670 5146
540 412 543 417 ’
616 400 694 478 134

241 650 377 737 Augeut
398 668 468 714 rem
490 667 596 711 meum
618 644 721 712 mali:
745 644 862 731 populi
886 650 1020 713 strenui
1048 715 1051 722 ,

240 766 373 832 Douroo
395 763 505 841 mihi,
529 761 774 848 improbi-usui
797 774 888 826 suut.
927 786 969 829 ιι.
994 762 1148 845 Malum,

174 887 229 949 30.
245 880 341 957 Quod
364 877 430 944 tibi
452 877 516 944 Dii
538 875 685 955 dabunt,
711 877 771 963 qui
794 878 845 941 sie
868 875 1061 943 scelestus!

240 1017 298 1060 ιιι.
322 992 381 1060 Me
414 1014 502 1058 nune
537 1012 741 1070 commoror,
776 1012 850 1056 oum
873 991 933 1058 hae
968 994 1058 1058 fores
1087 1016 1150 1059 uon

602 1195 604 1199 ,
974 1086 984 1101 ”
1047 1109 1147 1188 ferio,

240 1224 290 1291 Ut
302 1226 407 1290 seiam
420 1225 509 1289 sitne
521 1221 632 1289 Ballio
645 1224 748 1288 domi.
766 1244 821 1289 ιιι.
836 1223 953 1289 Venus
968 1224 1055 1289 mihi
1067 1225 1147 1291 haee

242 1338 334 1405 Boua
347 1340 424 1419 dat,
449 1360 524 1405 eum
537 1338 598 1403 hoa
610 1337 675 1404 hue
690 1338 800 1426 adigit
812 1337 999 1427 luorifugaa
1014 1386 1024 1419 ‚
1039 1339 1149 1405 damni

241 1455 390 1541 Cupidon
405 1500 416 1534 ,
441 1455 501 1541 qui
513 1476 551 1518 se
563 1475 723 1540 suamque
734 1466 877 1518 aetatem
889 1452 974 1519 bene
987 1469 1128 1534 curant,

179 1573 234 1636 35.
245 1569 357 1634 Edunt
369 1612 380 1646 ,
393 1566 536 1646 bibunt,
551 1582 759 1645 ιιοιιιιιιιιιις
773 1567 831 1633 illi
843 1583 921 1634 aunt
932 1568 1000 1634 alio
1013 1572 1147 1658 ingenio

975 1698 1075 1774 atque
1088 1699 1143 1766 tu,

242 1797 311 1875 Qui
323 1820 431 1885 neque
441 1796 508 1863 tibi
519 1798 604 1864 bene
617 1821 694 1864 eoae
708 1811 847 1884 patere,
864 1812 897 1865 et
909 1797 982 1864 illia
1002 1800 1146 1887 ,quibus

907 1927 982 1993 et,
998 1915 1144 1981 invides.

241 2051 300 2094 ιιι.
324 2029 421 2095 Heus
436 2073 447 2109 ,
461 2027 521 2093 ubi
532 2029 617 2094 estis
630 2028 717 2093 rori
739 2048 795 2092 ua.
815 2027 883 2093 Hic
897 2027 1032 2116 quidem
1045 2029 1088 2092 ad
1098 2051 1147 2093 me

689 2156 780 2208 reeta
792 2140 892 2206 habet
906 2155 1032 2208 rectam
1042 2145 1143 2209 viam.

241 2319 284 2368 29.
303 2317 376 2367 abent
392 2317 498 2367 domno.
534 2316 577 2367 30.
597 2302 649 2365 tibi
665 2315 767 2371 dobunt
782 2322 814 2364 ot
832 2315 966 2367 scelestos.

242 2413 286 2464 32.
305 2413 370 2463 boor
385 2413 464 2464 mihi.
499 2413 542 2465 ³3.
561 2411 585 2463 b.
603 2412 631 2464 d.
648 2417 729 2477 atquo
746 2412 793 2462 hor
811 2411 883 2460 huno
899 2411 1019 2463 adducit.

214 2594 265 2653 Vs.
286 2595 335 2655 28.
358 2594 486 2668 domno,
518 2610 704 2671 quamquam
722 2593 830 2653 invitis
849 2592 916 2652 Mss.
936 2612 954 2653 a
974 2592 1148 2654 Camermio

176 2704 355 2776 inductum,
384 2722 442 2782 per
458 2710 593 2762 metrum
612 2701 718 2762 abesse
731 2720 795 2761 non
812 2708 933 2780 potest:
955 2700 1057 2760 simile
1072 2698 1149 2778 quid

176 2812 287 2887 utique
311 2807 497 2887 requiritur.
546 2808 627 2869 Edit.
647 2808 772 2888 steph„
799 2809 856 2885 qui
874 2827 997 2870 menam
1015 2808 1098 2870 hane
1114 2808 1148 2868 iu

176 2918 350 2980 trochaicus
373 2917 575 2998 dispertitur,
604 2917 689 2977 huno
708 2936 832 2976 versum
851 2926 883 2977 et
898 2935 943 2994 sq.
963 2917 1023 2977 sio:

215 3027 330 3111 Populi
355 3029 478 3087 rtreooi
500 3027 580 3086 mihi
596 3025 794 3107 improbiores
813 3035 897 3085 aaut.
939 3025 1012 3086 Sim.
1032 3025 1149 3086 Malum

994 3135 1075 3213 qood
1091 3134 1150 3194 mi

218 3247 290 3308 Tibi
315 3248 449 3322 dobunt,
479 3258 515 3308 ιιι
532 3247 697 3307 oreleotroe!
727 3246 817 3326 Harp.
841 3244 890 3305 Me
908 3263 993 3302 orooro
1010 3252 1066 3303 ete.

175 3355 386 3437 adstipulante
412 3356 465 3418 cd.
484 3355 578 3418 Aead.

215 3466 266 3527 Vs.
296 3467 346 3526 29.
376 3465 506 3541 molum,
542 3466 622 3546 qood
648 3464 707 3523 tibi
724 3463 782 3523 Dii
800 3461 936 3522 dobant:
961 3460 1146 3522 exclamatio

173 3582 221 3633 est
247 3575 376 3649 Simiae,
405 3574 603 3655 indignandis
617 3573 739 3635 lenonis
755 3571 848 3632 dietis
864 3569 1023 3642 commoti,
1050 3569 1144 3631 sicuti

173 3679 283 3761 Amph.
313 3683 343 3743 2.
375 3683 402 3744 1.
431 3685 468 3744 13
509 3681 741 3764 Amphitryonis
767 3679 842 3740 irati
868 3687 999 3760 propter
1016 3675 1143 3738 menda-

172 3791 235 3864 eia,
268 3791 382 3870 quibus
400 3813 433 3853 se
450 3792 560 3855 saliere
579 3791 727 3853 credebat
746 3787 870 3851 Sosiam.

212 3900 263 3962 Vs.
293 3901 342 3962 37.
374 3900 463 3960 haber
491 3903 595 3961 viam.-
632 3899 734 3962 rarius
760 3899 820 3959 hoo
847 3915 904 3977 pro
931 3894 1041 3987 habere
1061 3895 1144 3953 iter:

172 4009 310 4070 recurrit
326 3995 430 4070 tamen
448 4007 532 4071 Triu.
552 4010 586 4083 i,
610 4009 644 4084 2,
668 4008 717 4070 26.
