2670 5146
714 396 790 471 186

325 649 401 716 Hou
413 645 478 709 hou
488 642 553 706 hou
567 641 575 704 !
599 661 650 704 rs.
665 636 805 704 Desine.
830 659 872 702 ει.
886 638 1006 706 Doleo.
1020 666 1070 710 rs.
1084 645 1133 711 Ni
1144 649 1240 717 dolo·

857 775 909 818 ros
923 766 960 819 tu
974 801 984 835 ,
998 779 1060 844 ogo
1072 758 1237 832 dolorem.

324 900 368 943 ει.
393 874 482 952 Quid
496 873 557 936 lroo
568 869 583 932 l
595 869 789 945 susurrone,
803 866 983 950 Pseudolo,
996 870 1055 937 ubs
1069 890 1124 939 tuo
1137 874 1237 946 heroi

548 1008 599 1052 νι.
612 983 873 1050 Lubentissurno
886 984 985 1050 cordo
996 998 1095 1074 atquo
1108 993 1236 1060 animo.

321 1132 364 1174 ει.
389 1103 464 1172 Non
478 1103 594 1180 audes,
610 1120 745 1188 quaeso,
759 1097 906 1185 aliquam
917 1113 1046 1186 purtem
1057 1104 1143 1170 mihi
1155 1130 1235 1194 gru·

769 1214 1234 1308 tiamiuoorohinourgontii

321 1359 373 1405 rs.
397 1335 506 1414 Novi,
530 1356 581 1398 me
595 1331 687 1396 dicos
700 1329 835 1395 uvidum
848 1352 922 1396 osse
936 1353 945 1397 ε
970 1353 1044 1397 nam
1056 1334 1136 1402 hino
1148 1360 1235 1406 nun·

743 1465 839 1532 quam
851 1447 920 1511 oris
932 1461 1063 1519 nummo
1076 1451 1230 1524 divitior:

258 1573 312 1636 25.
324 1568 442 1655 Neque
469 1577 502 1629 to
523 1566 591 1626 moi
610 1563 699 1647 tergi
709 1561 910 1638 misorum,
936 1563 968 1626 si
978 1562 1040 1629 hoo
1053 1585 1118 1631 non
1129 1566 1231 1637 hodie

1023 1679 1228 1750 effecissem-

317 1820 361 1862 ει.
373 1796 450 1860 Erit
461 1793 521 1856 ubi
532 1804 566 1856 to
578 1789 745 1867 ulciscur,
759 1790 792 1853 si
803 1792 895 1855 vivo.
919 1811 971 1856 rs.
986 1790 1077 1868 Quid
1089 1797 1226 1865 minita-

791 1898 800 1910 ’
842 1986 846 1996 ¹
890 1905 953 1969 roi
966 1905 1071 1974 habeo
1083 1922 1225 1999 tergum.
1289 1896 1294 1914 “

314 2052 356 2094 su.
381 2025 457 2112 Ago
468 2043 562 2089 sane.
585 2043 637 2086 rs.
661 2020 774 2108 Igitur
786 2021 873 2085 redi.
898 2043 941 2087 su.
960 2020 1226 2098 Quidredeoml

592 2159 644 2203 rs.
658 2134 746 2202 liudi
756 2136 852 2201 modo
867 2182 877 2215 ‚
892 2158 956 2202 non
970 2141 1038 2206 eris
1050 2139 1223 2230 deceptus.

313 2282 357 2325 ει.
383 2256 507 2323 Redeo.
531 2276 581 2319 rs.
606 2250 716 2317 Simul
729 2272 856 2317 mooun!
866 2264 1029 2338 potatum.
1053 2279 1095 2322 sr.
1109 2259 1224 2347 Egone

706 2365 800 2434 euml
814 2388 865 2431 rs.
881 2367 947 2433 Fue
961 2369 1047 2454 quod
1061 2383 1094 2436 to
1103 2372 1220 2458 juboo.

315 2539 697 2609 22.auserroon01oodolo.
733 2539 775 2590 23.
803 2540 847 2588 ln‘o
872 2543 988 2604 arqenli.
1031 2541 1073 2590 24.
1101 2559 1155 2594 non
1181 2560 1220 2594 me

372 2640 442 2690 diois
457 2653 483 2688 o.
504 2653 526 2687 o.
546 2636 688 2685 hominem.
708 2651 778 2685 unu.
797 2650 861 2683 nam
879 2635 905 2684 lo.
924 2651 952 2685 n.

312 2737 355 2787 25.
375 2737 493 2784 miseret.
529 2731 573 2780 28.
592 2733 604 2779 a·
621 2730 703 2780 simul
719 2747 754 2780 m.
771 2748 800 2794 p.

284 2911 334 2970 Vs.
356 2911 404 2969 22.
427 2910 514 2968 lluno
535 2925 658 2966 versum
677 2907 788 2966 molius
807 2906 851 2967 sio
870 2906 1023 2987 distingui
1042 2919 1135 2989 puto:

287 3015 395 3099 Quid?
423 3017 477 3077 hoo
497 3018 678 3096 (susurrone,
713 3015 878 3086 Pseudolo,
911 3015 963 3076 obs
985 3027 1036 3076 tuo
1056 3016 1155 3078 horo?

240 3130 307 3192 soil.
336 3148 429 3211 poros
459 3126 514 3186 vol·
541 3127 598 3187 oio.
643 3126 693 3187 Sio
713 3124 888 3206 saepissimo
908 3125 1100 3186 orationibus
1121 3128 1216 3188 animi

239 3237 343 3300 affooti
371 3235 503 3296 verbum
531 3233 656 3295 dofioit:
697 3233 737 3295 os.
769 3232 853 3294 Voss.
884 3232 923 3293 de
955 3235 1073 3295 Constr.
1105 3256 1132 3295 o.
1166 3237 1213 3299 19.

236 3349 367 3408 ,Frustra
387 3342 531 3406 nonnulli
552 3351 675 3404 mutare
695 3342 831 3423 aggressi
851 3351 934 3402 sunt.

209 3449 211 3453 ’
279 3455 331 3516 Vs.
360 3454 411 3515 23.
439 3452 514 3512 hino
542 3451 685 3532 arqenti:
722 3470 761 3511 ox
790 3449 877 3514 noio.
910 3454 1109 3532 oonjooturu:
1141 3456 1216 3516 libri

239 3581 344 3624 omnes
361 3561 431 3621 hio:
459 3561 534 3621 hino
554 3561 678 3642 orqooti
697 3570 745 3621 est
764 3561 888 3640 argenti
907 3561 985 3636 moi,
1019 3563 1104 3643 quod
1124 3585 1142 3624 u
1162 3584 1212 3625 me

238 3669 404 3753 oooopisti:
435 3671 481 3731 sio
500 3689 545 3730 vs.
568 3690 613 3751 sq.
635 3679 668 3730 ot
688 3669 736 3730 29.

278 3780 328 3841 Vs.
350 3777 399 3839 lu.
421 3781 511 3852 novi,
544 3800 591 3838 mo
620 3779 724 3839 dioec:
755 3778 799 3839 sio
819 3775 907 3839 leid.
930 3787 1038 3839 ooutru
1059 3778 1212 3841 librorum

239 3886 473 3960 auctoritatem,
509 3887 565 3967 qui
585 3886 624 3949 ud
644 3906 741 3948 unum
761 3905 885 3950 omnes:
919 3906 984 3946 noo
1003 3906 1050 3944 me
1070 3886 1159 3948 dicio.

277 3993 327 4057 Vs.
357 3994 407 4055 28.
438 3992 532 4053 simul
569 4015 706 4058 morum:
745 3994 928 4058 oonoinnius
958 4004 1022 4071 est,
1061 3994 1147 4074 quod
1175 3995 1209 4054 in
