2670 5146
699 304 727 378 2
790 396 795 405 ,

237 561 414 639 corrupta,
460 568 525 613 non
546 546 680 611 minimi
702 547 862 612 momenti
884 560 936 612 est
959 550 1212 633 existimanda,

238 669 319 756 quia
352 664 435 730 haec
473 666 549 750 ipsa
583 683 644 727 nos
669 660 788 741 docet,
836 659 951 726 Plauti
973 663 1105 731 fabulas
1128 671 1216 734 anti·

239 784 355 870 quitus
379 777 546 871 ejusmodi
568 775 849 861 inscriptionibus
872 799 938 842 non
960 780 1134 863 caruisse,
1169 785 1219 849 si·

239 899 310 965 cuti
343 917 429 961 nunc
465 892 553 959 haud
575 893 652 958 sino
673 912 793 979 magno
815 912 896 958 sano
918 892 1082 961 historiae
1104 895 1220 964 litera·

242 1033 316 1077 rum
350 1010 550 1083 detrimento
574 1006 697 1072 iisdem
721 1006 903 1073 destitutae
926 1011 1220 1105 circumferuntur.

241 1122 431 1191 Dolcndum
473 1142 556 1189 vero
587 1133 666 1200 cst,
710 1119 841 1188 detecta
874 1120 977 1209 huius
1013 1123 1220 1194 didascalice

242 1238 391 1324 vestigia
413 1248 480 1321 tam
501 1233 593 1300 levia
616 1256 692 1299 csse
715 1246 749 1298 et
772 1235 925 1316 incerta,
951 1250 988 1302 ut
1009 1242 1221 1307 metuendum

242 1354 314 1433 sit,
359 1374 401 1418 ne
433 1352 547 1438 potius
581 1349 617 1414 in
652 1371 798 1415 errorem
830 1351 1013 1433 inducant,
1060 1377 1157 1442 quam
1186 1360 1223 1422 in

242 1480 367 1538 rectam
388 1467 478 1532 viam
499 1488 562 1531 nos
584 1465 723 1530 sistant.

287 1583 381 1648 Haec
417 1593 525 1646 tamen
544 1581 706 1667 partim,
739 1583 862 1667 partim
890 1587 1106 1672 sagacitatem
1130 1609 1223 1652 suam

244 1699 360 1764 ducem
374 1708 507 1762 secutus
538 1695 704 1785 reliquias
719 1695 799 1762 illas
814 1699 850 1762 in
863 1700 1033 1788 integrum
1045 1703 1225 1769 restituere

244 1833 427 1902 aggressus
452 1825 505 1877 est
527 1811 617 1876 doct.
641 1811 949 1895 Windischmann‚
974 1815 1102 1881 Ildein.
1125 1817 1223 1883 Mur.

234 1927 306 2009 fiir
327 1927 428 1995 Phil.
453 1931 470 1995 l
494 1927 613 2018 Jahrg·
637 1933 655 1994 'l
680 1927 766 1997 Helt
786 1951 823 2016 p.
845 1918 930 2011 ltu,
956 1932 1044 2021 quod
1065 1954 1108 1998 an
1128 1955 1223 2020 pros·

241 2066 324 2134 pere
357 2045 391 2111 ei
424 2045 594 2125 cesserit,
629 2045 666 2110 iu
698 2067 736 2111 ra
770 2058 837 2111 tam
871 2046 975 2113 dubia
1002 2051 1223 2135 pronunciare

246 2181 311 2226 non
355 2157 473 2224 audeo.
540 2157 765 2247 Epigrapham
800 2182 846 2228 ex
878 2167 1095 2249 conjectura,
1139 2161 1223 2230 Nie-

247 2273 368 2341 buhrio
390 2270 552 2356 probata,
588 2274 639 2339 sic
663 2271 782 2358 explet
805 2287 838 2340 et
860 2276 1038 2344 emendat:

292 2385 389 2473 (Tib.
414 2384 470 2453 Cl.
494 2384 675 2475 Asellus),
699 2385 751 2453 Μ.
772 2385 922 2470 Junius,
945 2387 1080 2457 lid-Pil.
1093 2388 1224 2469 Penus,

251 2502 408 2590 (Aediles
430 2501 581 2595 plc)bim.
1133 2519 1137 2524 ’

294 2618 351 2686 Dc
380 2619 509 2687 duabus
543 2617 689 2711 reliquis
722 2621 838 2701 notis,
872 2642 955 2708 quas
978 2621 1092 2709 Maius
1114 2619 1227 2689 literis

251 2737 349 2802 uncis
383 2734 528 2802 inclusis
552 2733 710 2820 supplere
732 2750 870 2803 conatus
894 2749 971 2817 est,
1005 2739 1169 2803 incertum
1191 2760 1228 2803 se

253 2874 330 2918 esse
352 2852 478 2917 fatetur
499 2852 554 2917 vir
575 2850 706 2917 doctus.

296 2964 426 3032 Horum
458 2980 569 3032 autem
602 2966 775 3033 Aedilitas
818 2967 941 3032 incidit
976 2968 1011 3031 in
1047 2966 1091 3033 A.
1115 2965 1160 3032 U.
1187 2963 1228 3032 (ἶ.

255 3083 343 3161 550,
379 3103 584 3170 quoanno,
618 3095 712 3149 teste,
736 3082 840 3149 Livio
867 3077 1006 3149 XXIX.
1040 3085 1119 3159 11.,
1155 3077 1229 3145 ludi

206 3264 208 3270 ,
253 3196 384 3285 plebeji
406 3197 533 3283 septies
557 3200 737 3265 instaurati
759 3200 907 3264 suerunt.

253 3627 297 3679 eii·
313 3628 443 3693 cogitare,
468 3627 561 3692 quibus
576 3633 686 3694 quatuor
702 3629 870 3681 Terentianae·
881 3643 933 3679 non
952 3627 989 3678 ita
1004 3624 1051 3676 diu
1067 3629 1128 3692 poet
1145 3621 1232 3673 Plauti

254 3738 343 3775 arum
367 3727 437 3775 actae
461 3722 538 3775 fuitne
564 3723 694 3775 ridamuez
721 3726 755 3776 cl.
786 3724 859 3777 iiieh.
884 3723 960 3775 lirim.
986 3720 1081 3773 dean
1100 3721 1172 3773 Tom.
1191 3716 1233 3769 111

255 3834 282 3885 p.
308 3817 342 3869 49
367 3823 421 3869 not.
448 3817 491 3871 72.
531 3821 644 3884 liugnam
667 3821 773 3872 lintrem
799 3819 867 3870 enim
894 3819 954 3870 inde
979 3818 1010 3868 ab
1035 3819 1067 3869 Δ.
1085 3818 1116 3867 U.
1135 3817 1164 3869 C.
1183 3814 1232 3864 ⁶47

256 3916 349 3971 Romae
365 3914 461 3965 cultam
476 3914 555 3966 iubeo
570 3916 695 3969 norimut.
