2670 5146
661 332 711 407 81

269 598 313 643 si.
335 574 437 652 Fiat,
462 585 599 660 geratur
618 593 689 638 mos
713 574 792 640 tibi.
813 595 868 641 rs.
891 575 960 642 Sed
982 589 1018 642 ta
1037 576 1116 648 volo

133 676 135 680 ⁸
177 770 180 776 ῃ
270 691 492 777 Dominoque
506 690 639 755 adesce.
674 687 1157 782 s1.Qalntlbllrancoporam

1065 809 1160 878 dicos

267 941 322 986 cs.
345 919 393 986 At
407 941 468 1007 ego
481 899 1006 1008 adfurum'ib021amlioadero.
1030 948 1075 991 st.
1086 927 1155 994 Ao·

576 1018 579 1024 ⁵
835 1080 838 1087 ·
944 1052 1052 1105 tutum
1065 1042 1151 1109 redi.

265 1172 317 1215 rs.
342 1149 500 1234 Suspicio
525 1162 577 1214 est
598 1148 684 1215 mihi
707 1171 794 1216 nuno
815 1174 876 1216 vos
900 1157 1129 1240 suspicarier‚

179 1266 254 1332 150.
266 1263 324 1330 Me
348 1266 473 1328 iccirco
497 1263 578 1329 haec
603 1277 693 1329 tanta
715 1267 865 1332 facinora
887 1271 1108 1354 promittere,

266 1379 334 1455 Qut
349 1401 406 1444 vos
419 1377 596 1458 oblectem,
610 1378 854 1446 hano'fabulam
867 1383 944 1448 dum
956 1388 1152 1473 transigam,

262 1494 383 1583 Neque
404 1497 469 1560 sim
492 1497 667 1575 facturus,
693 1496 781 1585 quod
803 1498 969 1563 facturum
982 1501 1148 1568 dixeram.

261 1610 338 1677 Non
351 1610 539 1690 demutabu,
552 1624 651 1698 atquo
664 1613 765 1677 etiam
777 1627 918 1694 certum,
932 1617 1019 1703 quod
1032 1619 1151 1695 sciamr

264 1723 338 1801 Quo
361 1729 427 1790 sim
449 1727 739 1812 facturus'paoto,
763 1729 855 1793 nihil
877 1733 977 1798 etiam
1001 1733 1075 1796 scio
1088 1778 1100 1812 ‚

178 1843 256 1908 155.
269 1840 350 1906 Nisi
364 1820 446 1928 quia*
455 1843 604 1906 futurum
617 1856 682 1906 est.
715 1840 802 1908 Nam
814 1845 872 1930 qui
885 1846 920 1907 in
934 1866 1067 1910 scenam
1078 1868 1154 1933 pro·

486 2035 488 2041 ¹
986 1976 992 1990 ‘
1030 1960 1149 2038 venit,

264 2070 360 2136 Novo
381 2071 478 2137 modo
500 2090 619 2136 novom
629 2066 762 2160 aliquid
774 2068 1081 2139 inventnm'alferre
1093 2065 1151 2137 ad-

1040 2188 1150 2254 decet.

178 2402 259 2475 misi,
281 2421 330 2461 mc
348 2401 464 2483 duplex
482 2400 542 2462 hoe
561 2397 681 2462 lacinus
698 2399 875 2461 editurum:
897 2407 1066 2462 vosautem
1075 2421 1150 2462 con·

175 2522 224 2572 tra
240 2531 324 2570 nunc
343 2511 445 2571 lacurn
464 2511 538 2571 dato
563 2509 704 2572 fallaciis.

215 2621 265 2679 Vs.
296 2620 362 2678 156.
392 2639 471 2677 novo
502 2619 609 2677 modo.-
633 2637 797 2698 perperam
823 2617 919 2697 vulgo
944 2616 1152 2698 distinguitur

174 2728 340 2809 posthaec
360 2727 464 2788 verba.
512 2727 658 2801 Promisi,
690 2726 796 2804 inquit
824 2727 1009 2801 Pseudolus,
1042 2727 1147 2802 vobis,

177 2844 436 2915 aspectatores,
477 2855 624 2915 maguum
652 2834 781 2916 aliquod
811 2835 944 2898 lacinus.
995 2836 1155 2912 Quomodo
1262 2849 1264 2852 ’

176 2943 324 3018 efficiam,
357 2944 494 3004 nondum
515 2945 597 3006 scios
627 2943 680 3004 sad
701 2944 846 3018 efficiam,
880 2944 940 3006 hoc
961 2945 1040 3018 scio,
1065 2953 1097 3004 et
1116 2963 1153 3006 ea

178 3053 317 3126 ratione,
360 3052 461 3132 qualis
489 3052 523 3111 in
552 3053 641 3113 nulla
661 3053 764 3114 adhue
783 3051 890 3114 sabula
911 3040 1050 3133 spectata
1069 3053 1151 3113 suit:

177 3179 248 3221 nam
269 3161 324 3241 qui
345 3160 379 3219 in
399 3163 701 3242 seenam‘provenit,
727 3174 759 3225 et
779 3181 890 3223 novam
910 3160 1048 3221 fabulam
1068 3160 1151 3240 agit,

177 3287 248 3327 eum
270 3268 361 3328 decet
382 3268 503 3349 aliquid
522 3269 596 3330 novi
617 3280 648 3331 et
669 3290 749 3332 novo
768 3271 861 3332 modo
876 3269 996 3330 afferre.
1039 3267 1153 3348 Itaque

177 3377 284 3436 solitos
314 3397 371 3455 ego
399 3378 502 3451 dolos,
542 3379 655 3458 quibus
682 3379 754 3439 heri
774 3388 806 3438 et
826 3377 954 3437 lenones
973 3374 1070 3455 vulgo
1089 3371 1166 3435 cir·v

179 3463 439 3559 (inmoriuntur,
480 3507 544 3546 non
569 3480 706 3562 'struam3
738 3487 840 3546 omnia
869 3493 963 3544 erunt
991 3484 1091 3544 nota:
1121 3481 1154 3542 in

179 3595 321 3655 omnibus
351 3597 417 3654 lere
447 3596 561 3656 sabulis
587 3607 633 3656 cst
662 3617 768 3657 servus
798 3594 912 3675 aliquis
933 3593 1028 3654 fallax
1056 3592 1156 3673 (quod

180 3701 267 3761 ovid.
292 3703 358 3780 jam
387 3704 426 3763 de
457 3704 625 3764 Menandro
645 3704 739 3778 dicit,
770 3703 837 3764 Am.
861 3702 885 3763 1.
912 3703 958 3764 15.
984 3703 1064 3782 17.):
1097 3701 1157 3761 hoc

181 3809 280 3888 igitur
308 3821 356 3870 est
384 3821 562 3872 vetustum:
596 3833 702 3873 servus
721 3814 767 3874 ila
786 3813 898 3884 fallax,
932 3820 969 3872 ut
989 3831 1064 3890 ego,
1096 3809 1156 3869 hoc

180 3936 295 3978 novum
315 3920 393 3995 erit,
426 3931 459 3981 et
478 3941 560 3983 novo
579 3922 669 3999 modo
689 3929 829 4002 geretur.
871 3919 973 3979 Verba
993 3937 1071 3977 novo
1090 3934 1154 3973 mo·

993 4027 1137 4114 rrx
