2670 5146
644 363 695 439 75

173 613 299 680 7797.
322 605 480 675 Memini·
493 622 538 673 ιι.
552 602 621 671 cnr
632 602 843 682 haennbttn
855 608 1153 692 msoivistiiilioo,

239 712 358 791 Celata
378 718 548 787 mosanti
573 741 632 787 our
643 741 711 785 non
723 721 875 788 rescivit
907 746 960 791 es.
983 724 1154 814 Eloquar:

238 840 328 919 Quia
350 837 502 904 nolebam
525 857 569 901 ex
592 856 646 902 me
668 827 792 905 nitorem
816 841 1154 928 praegignimnlum,

238 954 367 1023 Herum
390 966 426 1017 ut
448 973 565 1017 servos
587 972 685 1016 soom
708 947 904 1021 criminaret
927 957 1016 1043 apud
1028 957 1158 1024 herum.

244 1093 289 1137 s1.
311 1070 334 1135 J
337 1069 456 1135 uberes
470 1067 559 1131 huno
569 1070 791 1154 praeeipitem
812 1071 849 1139 in
860 1072 1043 1158 pistrinum
1056 1073 1157 1139 trahi.

172 1192 229 1261 80.
254 1209 308 1253 ca.
332 1182 365 1255 N
368 1183 495 1271 unqnid
505 1195 678 1269 peecatum
691 1196 743 1249 est
755 1182 850 1251 Simo
862 1184 876 1249 i
889 1209 945 1253 sn.
970 1187 1075 1256 Immo
1088 1209 1157 1254 ma·

1039 1325 1155 1368 xume.

243 1442 296 1484 ns.
319 1415 483 1482 Desiste:
497 1427 588 1481 recte
602 1437 664 1502 ego
677 1437 748 1481 rem
757 1437 863 1487 meam
873 1416 1157 1506 sapio,Callipho‚
1271 1487 1274 1492 ,

241 1536 383 1609 Peccata
394 1554 468 1596 mea
479 1543 569 1596 sunt.
609 1530 769 1597 Animum
781 1533 919 1599 advorte
931 1555 1018 1598 nuno
1025 1539 1123 1621 jam,

169 1675 170 1684 ¹
241 1648 458 1737 Quapropter
468 1659 503 1712 te
516 1659 690 1732 expertem
702 1649 910 1717 morianas
923 1647 1097 1719 habuerim
1114 1672 1123 1716 ε

243 1765 433 1833 Pistrinum
444 1762 614 1829 inmundo
626 1762 780 1845 scibam,
802 1764 885 1835 siid
896 1766 1036 1875 fpxom,
1056 1764 1158 1831 mihi.

176 1886 288 1950 san.
313 1878 390 1946 Non
412 1901 431 1942 a
453 1899 507 1943 me
530 1876 642 1942 scibas
665 1879 848 1965 pistrinum
869 1882 906 1942 in
929 1879 1051 1945 mundo
1070 1879 1157 1959 tibi,

244 1995 328 2063 Cum
352 2017 392 2065 aa
412 1992 646 2065 mussitabant
679 2015 731 2063 aa.
757 1993 906 2063 Scibam.
946 2015 990 2061 ει.
1014 1992 1159 2063 Curnon

838 2109 965 2175 dictum
978 2122 1030 2176 est
1042 2110 1129 2174 mihi
1140 2108 1155 2174 7

262 2312 305 2366 75.
325 2318 355 2360 tu
371 2310 426 2362 ubi.
463 2308 505 2362 78.
524 2309 699 2363 abestonum.
736 2310 778 2363 79.
797 2310 910 2361 iuberet.

218 2465 268 2526 Vs.
279 2467 328 2525 77.
341 2464 532 2544 Proepiptto':
548 2461 626 2540 ἅπᾳξ
641 2463 799 2543 λεγόμενον,
816 2463 1040 2545 aliipropipoi:
1051 2471 1158 2523 istrum

175 2573 337 2654 scripserit
361 2571 506 2645 Plautus,
544 2590 602 2652 par
629 2578 774 2631 notarum
799 2570 997 2651 compendio,
1038 2552 1153 2650 tinibus

175 2682 301 2755 librarii
332 2681 366 2740 in
398 2679 448 2743 his
484 2678 767 2767 praepositionibus
798 2677 866 2739 sore
890 2677 940 2742 usi
967 2686 1057 2751 sunt,
1092 2697 1156 2739 non

177 2788 272 2851 facile
310 2786 477 2867 dijudicari
510 2807 599 2871 possa
616 2787 787 2848 existimo:
830 2786 870 2848 os.
906 2787 932 2848 1.
961 2787 990 2847 2.
1018 2785 1067 2846 79.
1089 2785 1157 2865 huj.

176 2898 240 2966 fab.
267 2897 424 2978 Propipao
448 2896 567 2975 legitur
594 2896 689 2956 etiam
708 2897 800 2957 Truo.
821 2895 856 2968 7,
883 2895 918 2967 1,
944 2896 971 2955 l.

217 3008 268 3067 Vs.
290 3006 339 3067 87.
356 3004 531 3088 pistrinam
550 3006 587 3064 itt
608 3005 721 3064 muodo
731 3003 845 3063 scibam
854 3003 943 3063 mitt.
975 3003 1157 3065 VidoGron.
1272 3044 1276 3049 -

179 3117 213 3176 L.
240 3115 273 3176 P.
300 3135 331 3194 p.
357 3113 408 3174 37.
453 3114 555 3190 Quare
581 3111 666 3174 huno
683 3131 807 3172 versum
825 3110 1056 3172 oxolndendum
1083 3131 1158 3171 oen·

179 3230 246 3285 seat
272 3223 390 3295 Osann,
433 3220 523 3282 Annl.
555 3221 630 3282 erit.
658 3241 690 3301 p.
717 3221 795 3294 202,
827 3238 891 3280 non
914 3218 1016 3279 video.
1068 3217 1159 3279 Mini-

180 3330 365 3409 meineptns
382 3339 446 3389 est:
470 3327 757 3404 inopinatam,
781 3325 1160 3408 aegerrimedasiderare-

180 3459 259 3498 mus.
283 3437 398 3498 Charis.
419 3437 580 3499 enmmala
596 3438 685 3514 citat,
709 3447 745 3498 ut
759 3436 827 3498 saro
836 3436 939 3499 solent
949 3436 1160 3499 Grammaticis

224 3545 274 3606 Vs.
295 3546 344 3606 86.
368 3546 576 3607 enuntiatas.-
595 3545 616 3607 i.
636 3565 663 3606 e.
683 3545 816 3623 tacebam
840 3546 905 3606 Cas.
923 3544 959 3619 3,
980 3546 1013 3618 5,
1033 3545 1089 3619 33,
1114 3545 1160 3605 la·

183 3663 284 3712 tentes
304 3663 387 3713 meta
408 3655 578 3715 ostoseitant
589 3676 599 3728 ;
621 3656 690 3716 Tor.
710 3653 843 3734 Adelph.
863 3654 898 3727 2,
921 3653 954 3728 l,
976 3654 1032 3714 53:

225 3761 417 3844 Accipienda
436 3772 466 3822 at
486 3741 682 3825 onossitondo
701 3762 829 3843 injuria
849 3761 1139 3823 odolescentiom'ot.

184 3868 256 3929 vido
276 3869 356 3930 Fast.
379 3879 412 3930 ot
432 3870 564 3935 Nonium
585 3871 606 3931 i.
629 3891 658 3931 v.
682 3891 829 3931 nauseare.
870 3869 1052 3943 Monetam,
1077 3889 1160 3930 mot·
1221 3932 1226 3938 ,

187 3999 256 4039 sot-e
274 3987 308 4039 ot
326 3980 450 4041 otoutto'ro
473 3981 600 4062 proprie
618 3980 708 4043 sunt:
738 4001 777 4043 ao
796 4002 848 4041 mo
867 3980 990 4060 quidem
1007 3979 1118 4039 dooere.
