2716 5152
581 368 634 446 25

175 604 294 695 Neque
318 621 380 696 ego
401 607 556 674 homines
578 607 687 694 magis
706 581 820 676 acinos
833 631 978 700 unquam
990 614 1064 680 vidi
1077 606 1094 695 ,'

629 723 680 787 ita
688 722 801 812 plagi
816 740 928 794 coetae
941 727 1087 810 callent:
1178 747 1181 754 “

132 841 165 905 ὅ.
177 835 270 914 Quos
285 837 362 902 dum
374 837 480 903 farios
494 883 504 916 ,
519 836 585 902 tihi
593 834 672 922 pluo
684 857 805 904 noceas
818 863 826 906 τ
840 864 878 905 eo
892 845 982 907 enim
994 845 1090 930 inge·

639 954 697 1016 nio
708 951 746 1018 hi
761 967 841 1019 sunt
853 953 1088 1042 flagritribae,

179 1066 248 1145 Qui
270 1068 352 1135 haec
376 1065 501 1133 hebent
514 1065 684 1147 consilia,
710 1067 770 1133 ubi
783 1069 861 1135 data
872 1073 1004 1137 occasio
1017 1087 1091 1152 eet,

554 1203 657 1268 rupe,
672 1179 793 1268 clepo,
808 1194 884 1249 tene
897 1182 1091 1272 ‚harpaga,

70 1346 72 1350 -
178 1298 291 1378 Bibe,
316 1321 378 1378 eo,
403 1298 506 1384 fugo.
533 1275 596 1361 iuoc
617 1310 670 1361 est
693 1318 807 1362 eorum
829 1321 936 1385 opus;

92 1389 95 1395 ⁵
177 1413 226 1482 Ut
235 1412 380 1481 mavehs
401 1411 500 1500 lupos
513 1411 601 1499 apud
613 1434 694 1478 oves
712 1411 892 1500 linquere,
918 1436 1018 1501 quam
1029 1413 1091 1481 hos

823 1528 913 1593 domi
925 1531 1094 1597 custodes·

181 1644 229 1711 At
241 1644 364 1710 faciem
376 1665 451 1710 oum
462 1643 610 1731 aspicias
621 1664 754 1723 eorum,
781 1639 869 1709 haud
880 1643 963 1711 mali
974 1645 1094 1713 viden·

747 1770 802 1823 tur
816 1782 825 1825 z
841 1782 941 1845 opera
954 1759 1091 1844 falluut.

116 1880 170 1942 10.
182 1873 282 1942 Nunc
306 1874 388 1939 adeo
398 1874 483 1940 hanc
496 1872 698 1938 edictionem
706 1875 778 1938 uisi
789 1876 936 1940 animum
947 1875 1096 1954 advorti-¹

897 1992 943 2054 tis
956 2011 1093 2055 omnes:

181 2100 264 2168 Nisi
275 2122 425 2168 somnum
437 2101 692 2190 socordiamque
713 2115 906 2191 expectere
918 2102 1096 2192 oculisque
1121 2094 1123 2099 ’

905 2223 1093 2288 amovetie:

186 2331 239 2399 Ita
251 2332 556 2422 egovoetrelutera
567 2332 650 2401 loris
661 2334 807 2415 faciam,
830 2348 867 2400 ut
879 2334 991 2402 valide
1001 2337 1098 2403 varia

997 2452 1093 2530 sint,

177 2561 225 2628 Ut
255 2584 298 2629 ne
331 2566 566 2651 peristromata
601 2564 736 2652 quidem
770 2586 877 2652 aeque
899 2565 991 2652 pieta
1014 2567 1093 2630 ‘sint

866 2678 1091 2768 campanica,

181 2791 303 2881 Neque
313 2793 549 2862 Alexandrina
569 2792 719 2861 belluata
731 2794 942 2882 conchyliata
955 2797 1094 2882 tapetias

120 2911 174 2976 15
185 2909 298 2997 Atque
321 2908 396 2998 heri
418 2925 494 2977 ante
506 2912 661 2978 dixeram
672 2912 850 2992 omnibus,
872 2911 1095 3000 dederamquo

809 3030 1094 3115 casprovincias.

187 3082 339 3205 Verum
328 3152 378 3205 cto
387 3162 449 3206 vos
462 3143 547 3208 estis
559 3143 713 3230 perditi,
738 3140 951 3230 negligentes
965 3185 976 3222 ,
1001 3143 1098 3228 inge-

848 3253 1092 3342 nioimprobo,
1148 3320 1150 3325 ,

206 3450 233 3504 5.
252 3452 324 3504 abeat
341 3457 414 3506 enim
427 3483 458 3495 -
470 3453 640 3532 stoqrc'oo'boe3
676 3461 702 3512 8.
721 3461 758 3511 od
773 3475 841 3510 coeo.
877 3461 904 3511 9.
922 3437 1048 3525 aspicias.

209 3549 251 3600 14.
269 3544 379 3602 consuto
396 3555 508 3620 tapetia.

160 3731 211 3792 Vs.
236 3734 283 3793 12.
305 3734 408 3795 aalide
427 3738 539 3798 vario:
568 3738 668 3801 livore
686 3747 719 3800 ct
736 3737 893 3799 vibicibus
911 3736 1096 3797 interstinc-

121 3847 172 3900 ta:
212 3840 275 3901 vid.
308 3842 413 3908 Lemb.
439 3846 477 3907 ad
504 3848 591 3929 Epid.
622 3849 656 3924 1,
689 3849 722 3922 1,
755 3849 811 3926 153
840 3847 934 3908 Gron.
962 3843 1002 3907 ud
1026 3847 1096 3906 Ter.

121 3947 199 4010 Eun.
219 3949 253 4024 1,
283 3951 320 4026 A,
346 3953 393 4013 16.

950 4064 973 4126 4
