2670 5146
647 363 718 488 rar

245 622 304 672 nn.
329 603 470 671 Scilicet
483 602 620 668 solitum
632 626 723 670 esse:
738 608 856 670 sanine
868 606 973 671 estisl
998 620 1055 670 alt
1068 600 1159 681 Quid

805 720 867 787 hoc
881 766 891 799 ,
905 722 993 808 qnod
1006 736 1039 788 te
1051 746 1131 810 rogo
1144 723 1158 788 l

244 837 355 903 Noctu
369 838 405 899 in
417 832 575 921 vigiliam
586 835 717 922 quando
729 834 801 900 ibat
811 835 911 902 miles
926 864 942 916 ,¹
956 850 1026 902 tnm
1036 851 1073 903 tu
1084 839 1158 904 ibas

1028 953 1131 1019 simul
1142 954 1159 1020 l.

177 1070 234 1132 85.
243 1063 514 1131 Conveniebatne
523 1066 560 1128 in
574 1068 727 1152 vaginam
742 1079 832 1132 tuam
838 1066 1156 1135 machaeramilitisl

245 1265 287 1318 83.
308 1268 402 1318 absunt
419 1269 525 1317 scilicet
541 1273 568 1317 et
586 1283 651 1318 esse.

178 1478 300 1520 censeo.
344 1459 410 1518 Non
438 1452 640 1518 intellexerat
660 1457 782 1517 scilicet
798 1457 886 1517 miles
906 1460 942 1516 c'u
961 1461 1052 1518 eoois
1071 1460 1176 1519 cubi„

178 1579 262 1639 tare,
295 1567 382 1646 turpi
400 1585 492 1626 sensu
510 1545 659 1645 usurpata¹
676 1581 694 1626 u
711 1566 841 1638 lenone,
860 1584 927 1644 >pro
944 1568 1081 1628 κινεῖσθκιε
1107 1569 1158 1627 in-

175 1693 279 1754 genue
312 1673 412 1752 igitur
446 1671 484 1732 ad
521 1672 695 1753 simplicem
730 1674 945 1750 quaestionem
972 1676 1158 1755 respondet:

180 1782 309 1841 scilicet.
359 1781 466 1841 Altera
492 1795 568 1840 vero
594 1781 803 1859 interrogatio
820 1782 959 1862 apertior
977 1791 1057 1844 est:
1074 1802 1159 1844 nunc

176 1889 301 1948 demum
337 1877 438 1966 capit,
490 1887 644 1965 quomodo
680 1887 924 1967 intelligendum
961 1889 1070 1951 solitus
1107 1914 1156 1964 cs,

177 1998 369 2078 explicatum
400 1996 533 2055 maxime
569 1996 737 2056 reticentia
765 1997 864 2075 turpis
889 1997 1023 2076 alicujus
1048 2000 1155 2073 verbi,

177 2125 241 2183 qno
266 2107 376 2184 facere
412 2102 619 2182 supplendum
653 2112 716 2162 est:
758 2119 840 2179 quae
864 2103 1033 2166 reticentia
1059 2106 1157 2186 magis

175 2213 370 2294 significatur
407 2211 611 2289 subsequenti
644 2212 918 2291 interrogatione:
960 2214 1039 2272 cciu’
1079 2216 1157 2294 quid

180 2321 312 2402 loquar?
341 2321 426 2399 qnod
451 2339 600 2401 respuens
617 2320 722 2394 miles,
754 2321 939 2400 respondet:
972 2322 1091 2382 scilicet
1108 2345 1156 2383 me

177 2440 356 2490 consuetum
388 2449 453 2488 ecee
485 2431 641 2510 puerum!
679 2429 792 2488 sueino
819 2418 920 2489 cutis?
967 2431 1018 2491 Sic
1044 2430 1158 2492 melius

161 2536 280 2599 'omnia
297 2535 469 2615 quadrant,
502 2536 536 2595 ni
552 2536 655 2597 fallor.
685 2531 773 2597 Hunc
793 2556 837 2596 vs.
860 2545 892 2596 et
913 2555 958 2614 sq.
981 2537 1088 2617 steph.
1110 2538 1155 2599 sic

178 2646 324 2707 exhibet:
914 2629 916 2636 λ

187 2732 190 2797 s
218 2755 309 2834 llarp.
334 2753 458 2814 Scilicet
477 2753 600 2812 solitam
620 2774 695 2821 esce.
716 2752 794 2815 Ball.
817 2752 963 2813 Etiamne
975 2756 1085 2834 fucere
1106 2775 1155 2814 co-

468 2926 469 2930 ¹
905 2860 979 2921 litun
1000 2883 1032 2921 es
1048 2861 1157 2944 puer?

186 3029 187 3032 ,
223 2973 308 3032 Scio'
350 2971 425 3049 qaid
459 2970 590 3049 loquor?
638 2971 728 3050 llarp.
755 2973 894 3056 ,Suntne
931 2970 1033 3031 cetis?
1079 2971 1158 3031 Ball.

704 3078 880 3156 Quilibet,
912 3079 993 3158 quod
1012 3089 1041 3136 tc
1062 3078 1159 3159 rupo?

181 3188 269 3265 Quod
289 3186 559 3268 anteponendum:
588 3185 696 3248 codem
716 3186 819 3266 vergit
840 3186 936 3246 etiam
954 3185 1058 3246 Lamb.
1070 3186 1159 3266 ,qui

182 3299 319 3358 omissis:
352 3300 485 3357 etiamne
504 3331 545 3341 ·-
567 3295 698 3376 loquor?²
726 3295 810 3356 idem
829 3295 935 3356 habet.

223 3408 273 3466 Vs.
296 3407 344 3466 83.
363 3406 485 3466 scilicet
504 3405 628 3466 solitum
648 3427 724 3468 ecce.
760 3404 884 3470 Dudum
903 3383 1094 3465 monuerunt
1111 3405 1160 3463 vi-

181 3517 211 3574 ri
237 3515 338 3589 docti,
372 3515 421 3574 his
449 3514 550 3575 tribus
562 3517 714 3595 sortasse,
744 3515 878 3588 scilicet,
912 3513 1057 3573 videlicet
1078 3514 1160 3594 apud

182 3631 307 3682 veteres
339 3624 430 3684 solita
451 3622 545 3684 luisse
565 3623 638 3684 addi
656 3622 752 3685 verba
773 3624 914 3697 infinita,
948 3623 1064 3703 quippe
1085 3642 1162 3684 con-

183 3731 293 3797 tractis
321 3751 359 3790 cx
380 3734 466 3809 sorte
496 3753 538 3791 ao
568 3733 625 3806 cit,
658 3733 753 3805 scire,
787 3732 893 3790 cidere
925 3731 1006 3790 licet.
1047 3728 1161 3791 Eodem

184 3838 276 3900 modo
297 3842 437 3901 construi
458 3841 551 3902 etiam
572 3841 710 3923 aedepol,
744 3840 883 3920 aliaque,
916 3839 1008 3902 docet
1030 3841 1162 3916 Gronov.

183 3948 272 4018 ‚Obss
297 3949 355 4009 III.
379 3951 415 4025 9,
448 3950 503 4030 qni
524 3951 651 4011 omnino
671 3948 890 4011 consulendus.

960 4057 963 4064 ’
1001 4058 1042 4117 21
