2670 5146
620 295 645 368 7
714 372 717 377 Α

212 539 360 606 Eandem
382 537 507 616 miles,
531 541 591 626 qui
613 541 739 627 viginti
761 537 934 607 mulierem

215 655 325 722 Minis
347 667 513 719 mercatus
535 652 648 732 abiit,
671 652 820 720 obsolvit
841 655 1046 741 quindecim.

149 778 181 839 5.
216 772 367 837 Scortum
389 767 530 857 reliquit
552 769 593 833 ed
615 767 768 834 lenonem
790 791 828 834 eo
851 769 1059 854 symbolum:

213 885 285 966 Ut,
311 888 371 975 qui
393 881 566 959 attulisset
588 887 721 971 signum
744 882 858 950 simile
881 898 991 950 eetero

216 1003 299 1069 Cum
323 1001 455 1087 pretio,
481 999 765 1066 seeumeveheret
785 1011 927 1087 emptum
937 998 1123 1064 mulierem.

216 1115 299 1184 Mox
310 1106 437 1181 missus
460 1114 503 1178 ed
523 1113 815 1202 praehendendum
837 1115 983 1179 scortu’e
994 1112 1122 1193 milite,

215 1233 323 1299 Venit
345 1228 470 1297 celetur
490 1228 667 1294 militaris.
711 1229 811 1295 Hune
833 1228 973 1294 antibat
1028 1285 1031 1290 .

149 1353 204 1414 10.
217 1345 427 1432 Adgreditur
448 1342 675 1410 adulescentis
699 1365 817 1410 servus
840 1342 1002 1410 seudulus
1015 1388 1032 1423 r

215 1458 399 1548 Tamquam
420 1457 553 1526 lenonis
575 1461 749 1525 atriensis.
795 1458 991 1544 Symbolum

215 1577 352 1644 Aufert.
371 1582 374 1591 '
396 1573 510 1642 Minas
534 1577 681 1663 quinque
703 1587 856 1663 acceptes
878 1587 1009 1640 mutuas

216 1692 284 1758 Det
307 1691 492 1758 subditicio
514 1688 649 1757 eeeulee
671 1713 745 1757 eum
767 1689 929 1776 symbolo.

194 1921 357 1982 Calidorus
375 1920 555 1981 adulescens
573 1931 706 1981 eaertam
724 1920 930 1981 Phoenicium

193 2031 243 2091 Vs.
264 2031 293 2092 d.
315 2030 414 2090 abiit:
443 2031 553 2090 Osann.
574 2038 661 2091 reete
682 2029 762 2103 adit,
793 2029 944 2092 suadente
963 2040 1074 2092 metro.

194 2140 244 2200 Vs.
266 2141 295 2200 il.
326 2140 368 2200 ad
382 2138 670 2221 praetendendum:
692 2138 745 2200 Gd.
767 2138 906 2199 Ambros.
929 2138 1122 2221 adpraedan-

154 2248 215 2322 dit,
246 2247 332 2329 quod
350 2247 428 2307 ferri
448 2268 511 2308 non
530 2256 643 2328 potest.
685 2247 778 2308 Forte
797 2247 949 2328 seriptum
973 2246 1050 2307 suit:
1083 2248 1124 2307 ad

148 2357 335 2440 petendam,
368 2356 419 2417 vel
439 2357 480 2415 ad
500 2357 709 2440 repetendum.

194 2463 244 2526 Vs.
280 2464 310 2525 9.
343 2464 478 2538 attilae,
527 2465 643 2526 rationi
674 2465 824 2527 metricae
851 2465 963 2526 melius
991 2465 1128 2527 consulit

153 2574 241 2634 dolie.
279 2607 320 2618 -
359 2573 418 2635 Pro
449 2572 595 2633 teodotus
642 2572 810 2654 legendum
847 2591 912 2633 esse
950 2571 1126 2633 Peendnlne

152 2681 205 2742 vel
224 2680 410 2755 Peendolae,
443 2701 534 2742 nemo
554 2702 618 2743 non
636 2683 741 2743 videt:
772 2682 918 2743 similiter
936 2701 1030 2742 versu
1051 2683 1100 2744 15.

194 2789 244 2850 Vs.
269 2789 316 2850 12.
347 2791 466 2869 aufert,
498 2790 551 2852 ad.
581 2791 692 2872 adfert.
728 2791 863 2872 corrigit
892 2792 1002 2852 Osnnn.
1029 2791 1122 2853 Auel.

156 2890 232 2960 crit.
260 2920 292 2980 p.
313 2897 392 2960 217:
912 2899 1087 2981 Symbolum

197 3007 322 3087 Adfert,
353 3008 512 3088 ruinaeque
538 3010 672 3088 quinque
689 3019 826 3092 aeaeptae
843 3019 967 3069 mutuae
1154 3020 1158 3026 ’

154 3115 259 3177 omnia
278 3115 354 3176 dens
374 3116 521 3178 onlnteri:
544 3137 653 3177 verum
672 3117 717 3180 sie
736 3117 914 3191 nliudexit,
938 3135 1032 3197 quem
1041 3115 1127 3196 quod
1177 3119 1179 3125 ’

143 3225 192 3292 ¹in
219 3223 327 3308 subula
353 3224 488 3304 legitur:
525 3245 589 3286 non
613 3225 696 3287 enim
716 3226 851 3301 deletor,
882 3224 938 3286 sed
956 3224 1127 3287 Pseudolus

154 3341 296 3394 mutuam
322 3343 486 3415 eoeepernt
503 3336 685 3415 pecuniam:
716 3335 757 3397 ei.
779 3335 815 3410 2,
839 3335 1027 3416 t,t2sqq..
1064 3333 1127 3394 Lu·
1163 3312 1168 3318 ⁴

155 3442 235 3502 heus
253 3441 369 3524 arripio
388 3444 565 3526 minasque,
589 3454 626 3506 ut
641 3445 764 3506 numeri
780 3444 989 3506 restituentur
1003 3443 1126 3522 versui3

154 3549 264 3609 malim
283 3558 386 3613 tamen
408 3560 479 3632 post
493 3553 639 3614 teodotus
654 3553 832 3635 plenissime
851 3553 1060 3635 distinguere,
1089 3561 1128 3613 nt

155 3656 477 3741 sententiedeiueeps
494 3660 539 3722 sie
555 3661 719 3724 decurret:

123 3799 126 3803 .
203 3755 369 3846 Tamquam
386 3767 507 3829 lenonie
524 3772 676 3833 atriensis
690 3769 857 3852 symbolam

198 3874 333 3955 desert,
357 3879 519 3959 minusque
535 3889 596 3942 ete.
