2670 5146
724 317 777 391 22

343 582 399 629 cs.
421 558 486 628 Dii
497 572 532 626 te
540 555 629 625 mihi
639 576 753 627 omnes
764 572 914 629 servem.
937 558 1233 654 vorumeporcs,

259 683 337 746 120.
349 677 496 744 Pietatis
520 695 642 741 censue
662 671 719 739 vel
742 674 844 745 etiem
866 687 1005 757 matrem
1026 699 1169 770 queque.

347 816 401 861 κ.
423 792 478 859 Do
500 793 587 865 istae
607 810 644 855 re
667 788 703 853 in
726 785 861 869 (reulum
875 794 1043 891 utrumsis
1056 800 1239 886 conquies-

1150 916 1235 981 cito.

343 1043 399 1088 er.
422 1017 713 1103 Oculureetrem,
731 1019 1011 1097 succinerent
1033 1046 1085 1092 re.
1109 1025 1237 1107 Athec

793 1133 1025 1227 pervolgatum
1037 1153 1091 1207 cst
1101 1143 1229 1213 minus.

344 1326 401 1378 119.
419 1325 492 1376 abest
510 1336 609 1374 omnen.

297 1525 348 1584 Vs.
381 1521 449 1582 119.
478 1517 525 1579 dii
552 1527 581 1576 te
610 1515 690 1577 neti
716 1534 820 1577 omme
845 1529 990 1579 servans:
1022 1533 1236 1593 commovetur

258 1633 364 1697 stetim
382 1627 560 1700 Calidorus,
593 1633 626 1689 et
646 1623 756 1691 haeret
776 1621 920 1699 audiens,
944 1626 1095 1692 Pseudolo
1115 1631 1149 1693 in
1169 1634 1240 1696 eni-

262 1761 314 1815 mc
340 1757 423 1812 csse,
464 1735 558 1807 etiarn
587 1741 709 1814 petrem
738 1732 985 1803 circumvenire:
1027 1737 1082 1805 sed
1109 1740 1242 1804 emicem

261 1848 417 1931 cogitans,
439 1863 511 1905 mcx
530 1840 698 1921 inclamet:
720 1859 777 1922 per
796 1840 947 1922 pietatem
967 1853 1000 1904 et
1015 1856 1237 1927 matremquo.

262 1975 326 2037 que
364 1964 495 2035 tangere
532 1950 619 2013 licet.
679 1949 773 2015 Jocus
800 1949 918 2031 iterem
945 1952 985 2015 eb
1013 1954 1239 2037 inexspectato.

260 2066 478 2148 Exspectemus
507 2058 607 2119 enim:
649 2076 759 2118 verum
787 2058 813 2118 si
839 2070 944 2140 potes,
985 2062 1113 2143 pietatis
1142 2087 1235 2130 causa

257 2174 346 2257 petri
364 2191 430 2231 mee
445 2189 560 2251 perce:
589 2164 643 2226 sed
663 2165 766 2227 addit:
797 2168 849 2227 ecl
867 2180 898 2229 et
916 2180 1045 2230 matrem
1065 2184 1167 2254 tanqe.

302 2279 352 2340 Vs.
375 2279 443 2338 121.
464 2276 501 2335 de
520 2276 599 2335 istae
614 2293 649 2332 re
668 2283 750 2334 ete:
777 2275 861 2355 quod
881 2276 920 2351 ad
940 2278 1021 2343 hanc
1040 2301 1121 2358 rem,
1146 2293 1237 2346 utro.

261 2406 324 2467 que
362 2384 454 2447 oculo
491 2381 651 2455 ohdormi,
690 2400 818 2442 securus
847 2391 930 2444 este:
972 2385 1014 2446 cs.
1041 2388 1167 2451 Ruhnk.
1198 2391 1239 2452 ad

262 2498 333 2561 Ter,
354 2495 465 2557 Heaut.
486 2492 522 2569 2,
555 2491 592 2566 3,
624 2491 692 2567 101.

303 2604 355 2667 Vs.
382 2602 450 2664 122.
479 2611 511 2661 et
532 2599 587 2660 lice
603 2598 815 2681 pervotqatum
836 2611 882 2660 est
901 2603 1026 2665 mines:
1054 2626 1112 2686 pro
1130 2609 1237 2670 micus

264 2714 355 2779 Both.
384 2709 504 2773 mavult
524 2710 639 2785 nimir,
671 2709 794 2786 dicens,
816 2729 880 2779 nen
900 2731 966 2779 esse
985 2713 1087 2774 minus
1106 2718 1237 2796 pervul-

262 2832 386 2905 gatum,
419 2821 580 2882 inaurem
600 2819 750 2880 utramvis
770 2820 1008 2898 conquiescere,
1030 2821 1138 2883 sedin
1157 2844 1235 2886 ccu-

264 2931 329 2993 lum
349 2926 512 2989 utrumvis.
555 2925 641 2987 Nihil
661 2928 787 3002 omnine
808 2938 917 3003 temen⁸
929 2930 1129 2995 mutandum:
1152 2935 1237 2995 mul·

265 3049 332 3103 tum
369 3038 453 3099 enim
482 3035 586 3111 abest,
626 3045 664 3099 ut
690 3056 811 3118 semper
838 3038 1022 3117 observetur
1050 3040 1177 3120 regula,
1217 3063 1236 3105 e

265 3145 477 3215 Grammaticis
506 3144 637 3218 tradite,
679 3165 697 3207 e
723 3146 834 3207 Bethie
863 3148 1013 3228 repetita,
1046 3150 1097 3211 hic
1116 3168 1238 3230 semper

263 3258 403 3340 proxima
431 3254 602 3335 respicere,
635 3245 689 3325 iiie
713 3254 897 3333 remotiore:
928 3255 1045 3319 dudum
1068 3256 1155 3318 eliud
1178 3255 1235 3319 de·

265 3372 400 3428 euerunt
436 3362 545 3423 Graes.
572 3359 612 3423 ed
638 3361 700 3433 Cic.
731 3383 788 3444 pre
815 3365 903 3435 Resc.
932 3365 1013 3426 Com.
1037 3365 1067 3424 2.
1102 3365 1236 3426 Gronov.

264 3472 348 3535 ohe.
379 3470 445 3544 ΙΙΙ,
476 3469 514 3531 16
532 3479 612 3531 extr.
640 3470 722 3533 nuk.
749 3471 788 3537 ed
806 3472 887 3534 Fier.
907 3472 937 3547 I,
966 3472 1022 3546 26,
1051 3474 1085 3547 7,
1115 3481 1149 3532 et
1175 3471 1234 3549 lv,

263 3580 298 3656 2,
329 3580 377 3641 te.
421 3579 476 3641 Hic
498 3589 610 3649 tamem
627 3581 739 3643 vocula
761 3581 815 3643 boe
835 3581 1008 3661 significan
1038 3580 1093 3640 Ιιοο
1113 3601 1231 3655 meum,

263 3688 348 3771 qued
380 3688 445 3748 dixi
467 3692 505 3748 in
532 3690 660 3751 oculum.
708 3690 745 3752 Ut
776 3709 850 3750 vero
877 3688 975 3770 probe
1004 3688 1234 3770 intelligemus,

263 3796 387 3877 ‹luelem
408 3797 553 3876 jeeulum
575 3806 669 3880 poete
694 3808 829 3863 sectatus
855 3798 914 3873 sit,
941 3798 1085 3863 attulisse
1106 3798 1235 3879 juvebit
1318 3777 1321 3785 ’

263 3906 363 3968 rirnile
381 3906 556 3987 exemplum
578 3927 616 3979 er
634 3909 745 3971 Bacch.
767 3910 796 3967 1.
821 3907 849 3967 9.
875 3907 931 3977 lte
949 3925 996 3984 sq.
