2670 5146
620 370 696 446 168

254 638 309 683 m.
332 614 514 679 Auferetur
527 609 561 673 id
575 613 757 695 proemium
768 632 788 674 e
799 631 874 690 me,
900 612 986 696 quod
997 609 1135 698 promisi

932 749 991 812 per
1000 729 1136 814 jocum?

256 868 297 909 sr.
321 840 372 907 De
396 839 556 928 improbis
568 842 653 904 viris
666 841 793 905 auferri
804 844 989 927 proemium
1000 856 1034 908 et
1043 867 1137 930 prue-

946 957 1021 1021 dam
1032 957 1138 1026 decet.

55 1081 57 1085 ’
172 1077 312 1141 11111.
340 1071 466 1138 Saltem
478 1069 679 1137 Pseudolum
690 1072 776 1135 mihi
788 1069 902 1135 dedus.
925 1093 969 1137 st.
994 1073 1140 1139 Pseudo-

759 1184 828 1250 lum
841 1209 904 1273 ego
917 1187 1034 1253 dedum
1049 1188 1138 1253 tihit

257 1301 1139 1391 Quiddeliquitidixin'ebeotibiutceveresoentiesi

254 1442 311 1486 ru.
325 1418 481 1485 Perdidit
491 1439 556 1483 me.
569 1438 611 1482 sr.
624 1417 671 1482 At
683 1438 735 1481 me
746 1419 871 1504 viginti
882 1418 1024 1483 modieis
1036 1419 1141 1486 mule·

929 1535 1140 1600 tevitminis.

238 1637 296 1685 126.
315 1633 386 1684 ebert
402 1639 442 1683 ut.

212 1787 262 1848 Vs.
287 1786 353 1847 123.
394 1787 505 1846 Contra
535 1785 628 1846 Reor.
664 1803 691 1844 a.
713 1783 745 1845 h.
768 1785 791 1845 1.
813 1783 890 1845 feeit
910 1785 998 1845 Pauli
1018 1778 1144 1847 effatum

175 1897 210 1958 L.
228 1898 247 1958 3
266 1897 281 1974 ξ
298 1896 327 1954 2.
347 1893 421 1976 1259.
439 1895 475 1959 de
495 1893 593 1972 ohtiq.
611 1904 641 1952 et
656 1891 723 1954 Aet.
746 1894 829 1954 »Neo
838 1894 864 1953 si
872 1913 929 1973 per
934 1895 1043 1971 jeeum
1051 1905 1142 1974 putu,

173 2006 224 2066 vel
243 2002 475 2066 demonstrandi
495 2013 528 2063 et
548 2004 730 2088 intellectus
748 2022 841 2064 eausa
860 2021 917 2082 ego
938 2002 998 2063 tibi
1016 2002 1144 2065 dixero:

174 2111 330 2196 sponderi
360 2123 393 2173 et
413 2121 449 2173 tu
468 2111 681 2192 responderis:
713 2111 858 2192 spondeo,
898 2119 1046 2192 nascetur
1066 2112 1147 2173 obli·

175 2222 294 2302 gatie.’'
347 2220 555 2282 Nihilominus
588 2222 662 2299 jure
692 2220 777 2279 valet
806 2219 938 2280 Simonis
965 2219 1145 2300 stipulatio,

172 2331 318 2411 quoniam
338 2330 444 2390 lenoni
463 2328 660 2410 promittenti
681 2328 817 2388 animum
844 2326 1051 2388 contrahendi
1071 2328 1149 2388 iuis·

172 2458 234 2524 se,¹
252 2437 450 2498 manifestum
470 2447 535 2498 est:
567 2437 607 2498 es.
638 2437 673 2498 L.
696 2423 829 2518 55'1159.
851 2436 887 2494 de
912 2436 977 2497 obt.
999 2447 1031 2495 et
1050 2436 1120 2497 Aet.

216 2545 266 2607 Vs.
291 2546 357 2606 12t.
375 2546 549 2628 proemium
568 2556 598 2604 et
611 2546 779 2628 praedam:
802 2545 939 2624 jungere
958 2555 1040 2606 emat
1057 2547 1150 2608 Plau·

177 2667 226 2715 tus
243 2655 321 2716 haee
339 2654 451 2726 verba,
485 2654 592 2716 eadem
609 2654 677 2713 iere
694 2655 840 2713 notione:
868 2654 1046 2736 praemium
1065 2655 1149 2715 enim

176 2762 215 2822 de
234 2762 319 2822 omni
339 2760 515 2821 commodo:
545 2761 628 2842 npud
646 2761 731 2840 Virg.
752 2761 828 2821 Aen.
846 2763 898 2821 XI.
920 2763 976 2822 78:

216 2868 373 2948 Multoque
387 2879 550 2951 praetereo
569 2869 739 2930 Laurentis
750 2872 893 2952 promia
905 2891 1031 2952 puqnoe

217 2978 369 3059 Adqerot,
400 2988 430 3036 et
448 2977 536 3058 leupo
549 2979 699 3061 praedam
709 2978 803 3061 jubet
819 2981 927 3039 ordine
946 2980 1028 3040 duci.

216 3086 267 3147 Vs.
291 3087 358 3148 125.
381 3087 459 3146 milti
477 3087 584 3162 dedus,
616 3088 683 3148 soil.
702 3107 811 3148 noxae.
854 3087 1022 3148 Noxalibus
1039 3107 1152 3169 nempe

180 3194 355 3257 petionibus
375 3196 461 3276 optio
479 3195 611 3258 debetur
628 3195 777 3269 dominis,
806 3195 846 3256 ob
862 3193 1024 3269 damnum,
1048 3215 1151 3256 eser·

178 3305 224 3364 vis
249 3306 312 3366 suis
336 3305 405 3366 aliis
422 3305 562 3380 illatum,
589 3305 816 3376 condemnetis,
848 3312 953 3364 utrum
971 3304 1037 3364 litis
1055 3309 1150 3365 nesti·

177 3413 345 3473 mationem
371 3413 500 3473 sufferre
525 3414 672 3486 mallent,
700 3434 739 3475 nu
765 3414 864 3495 ipsum
890 3432 1013 3472 servum
1030 3432 1145 3485 noxae,

174 3521 197 3579 i.
216 3541 242 3580 e.
262 3521 375 3582 noxiae
391 3541 524 3602 poenae,
549 3525 586 3594 εἷς
606 3524 716 3584 κόλασιν
730 3522 864 3582 dedere:
885 3521 956 3581 vide
975 3521 1053 3582 Inst.
1065 3522 1148 3583 Just.

178 3626 230 3687 lv.
260 3630 289 3688 8.
330 3628 375 3690 ue
400 3651 481 3691 nouo
499 3642 531 3692 et
550 3633 657 3707 eonio,
687 3631 765 3709 quid
782 3630 942 3702 differant,
970 3629 1063 3690 doute
1084 3629 1149 3690 dis·
1191 3658 1194 3663 ·

177 3736 300 3816 putavit
330 3738 467 3800 Oudend.
501 3741 539 3802 nd
571 3743 655 3802 Suet.
685 3742 766 3802 Cnes.
792 3741 840 3800 81.
883 3738 969 3799 Adde
996 3739 1076 3798 111111.
1106 3737 1147 3797 de

177 3843 242 3906 Lot.
262 3842 330 3904 Vet.
351 3844 509 3923 ICtormn,
530 3872 560 3932 p.
584 3852 630 3911 10.
650 3867 715 3927 sqq.

216 3952 266 4014 Vs.
295 3953 361 4015 127.
393 3956 529 4018 modieis.
573 3962 762 4037 Quemquam
789 3957 1075 4038 frequentissimum
1101 3965 1148 4018 est
