2716 5152
628 381 710 458 102

247 627 378 696 Nemes
388 627 532 691 nmirum
543 635 578 689 et
589 621 841 689 benevolentem
852 622 963 691 ducis.
997 623 1164 699 dedistis

968 739 1161 812 Pseudolus

246 857 363 927 Novus
374 855 461 923 mihi
471 869 538 923 est.
561 874 617 921 cs·
630 851 783 922 Nimium
795 866 847 920 est
856 853 1009 922 mortalis
1021 858 1162 945 graphi·

378 968 384 976 ’
710 987 792 1034 eus:
815 965 972 1035 heuretes
983 969 1071 1035 mihi
1084 985 1161 1040 est:

185 1093 239 1157 10.
262 1087 299 1154 Is
320 1086 408 1152 mihi
432 1084 515 1151 haee
532 1103 611 1149 esse
627 1081 955 1165 effecturumdixit‚
979 1109 1064 1173 quoe
1083 1089 1164 1156 dixi

234 1196 257 1216 ’·
1075 1203 1158 1270 tibi.

248 1337 301 1384 rs.
311 1311 497 1404 Magnifice
507 1313 676 1382 homiuem
683 1311 904 1400 compellabo.
926 1330 983 1381 os.
996 1313 1082 1403 Cujs
1093 1339 1165 1384 vox

738 1426 860 1494 sonutl
884 1449 937 1495 rs.
961 1429 1162 1512 Io‚io,do.

247 1546 298 1612 'l'e
309 1558 344 1610 te
356 1557 390 1610 te
402 1557 556 1629 tyranne,
569 1557 604 1609 te
614 1563 708 1630 rogo,
721 1545 781 1632 qui
792 1544 968 1632 imperitus
980 1545 1163 1628 Pseudolo,

222 1672 224 1676 ‘
250 1659 405 1736 Quaero:
420 1660 511 1747 ‘quoi
521 1672 573 1725 ter
585 1705 597 1739 ‚
611 1660 725 1739 trino,
739 1659 892 1748 triplicia
906 1708 917 1741 ,
932 1661 1041 1728 tribus
1054 1664 1166 1730 modis

934 1777 1164 1864 triegeudin,

132 1883 134 1888 ’
250 1889 394 1958 Artibus
417 1868 527 1956 tribus
553 1901 607 1955 ter
623 1889 810 1956 demeritus
823 1890 910 1958 dem
921 1889 1098 1975 laetitias,
1124 1893 1165 1960 de

1049 2007 1163 2075 tribus

190 2124 243 2189 15.
254 2120 385 2188 Fraude
394 2131 508 2209 partes
521 2143 532 2198 3
544 2140 606 2208 per
616 2118 800 2215 melitium,
815 2133 849 2186 et
858 2142 920 2208 per
931 2120 1043 2187 dolum
1055 2134 1088 2188 et
1100 2121 1167 2188 iel·

313 2256 317 2263 ·
444 2260 446 2267 “
623 2248 627 2255 ’
659 2245 661 2249 ’
1017 2234 1171 2317 loeium,

255 2352 297 2419 In
307 2349 426 2418 libello
442 2350 506 2417 hoo
517 2350 694 2438 obsignato
706 2350 750 2414 nd
760 2363 795 2416 te
805 2349 907 2416 attuli
917 2349 1124 2438 pauxillulo.

257 2463 312 2534 ci.
334 2463 524 2534 llliehomo
542 2478 607 2534 est.
643 2482 701 2534 cna
724 2464 773 2532 Ut
783 2466 1038 2554 paratragoedut
1047 2488 1167 2535 omu-

218 2576 221 2583 ’
692 2582 777 2647 fex!
803 2601 859 2648 ou.
883 2579 1009 2647 Confer
1023 2581 1169 2670 gradum.

153 2806 155 2810 .
272 2768 301 2820 8.
318 2782 382 2818 som
398 2768 525 2819 amioum.
560 2767 601 2817 11.
621 2765 715 2832 duplex
731 2766 768 2816 io.
805 2765 847 2818 12.
866 2765 960 2832 duplex
978 2771 1012 2818 lo.

274 2860 317 2913 1³.
335 2861 389 2913 cel.
408 2877 523 2928 quaero,
548 2862 615 2928 quid
629 2862 660 2911 id
675 2867 725 2912 eet.
761 2862 805 2913 Ps.
823 2863 901 2913 trino
915 2877 957 2912 me
976 2863 1032 2912 irio
1047 2861 1158 2927 quoue

275 2955 317 3007 14.
335 2957 394 3006 dom
411 2955 499 3007 tribus
509 2957 537 3023 f.
552 2973 584 3022 p.

228 3111 279 3172 Vs.
302 3109 350 3172 13.
372 3109 477 3172 lumb.
496 3118 566 3190 post
584 3088 736 3170 Pseudolo
753 3110 932 3190 plenissime
949 3110 1170 3192 distinguens„

191 3240 303 3300 quaero
318 3219 523 3297 sequentibus
536 3216 657 3297 junxit,
679 3218 765 3296 quod
781 3218 887 3279 verius
901 3227 989 3300 puto.
1011 3219 1165 3301 InSteph.

190 3349 253 3390 cur.
276 3328 397 3407 Quaero
415 3327 487 3406 quoi
504 3325 578 3386 teri
596 3347 636 3387 rs.
656 3328 743 3388 trium
752 3336 813 3390 eie.
825 3348 868 3388 vs.
880 3346 926 3405 sq.
937 3329 1010 3388 dein
1018 3347 1077 3409 pro
1086 3328 1169 3389 dem.

225 3435 281 3497 ‚Vsa
306 3437 362 3496 ·.17.
388 3436 661 3518 porotroqoedut3=
687 3436 731 3499 sie
762 3437 830 3498 diss.
850 3437 1018 3498 Pseudolus
1037 3446 1075 3497 ut
1096 3435 1168 3518 eopi

190 3553 317 3624 pectore
337 3562 434 3619 nuno,
458 3544 544 3606 hand
563 3565 651 3606 seous
671 3565 708 3608 ae
727 3547 761 3606 in
782 3546 950 3627 tragoediis
967 3546 1171 3627 magnifieum

191 3670 234 3712 se
255 3651 352 3725 ‚lueit,
391 3661 425 3713 et
451 3662 567 3715 statum
588 3651 758 3718 bonicum
786 3655 899 3717 sumit:
938 3632 1168 3716 videt'lherum

191 3768 225 3821 et
252 3758 419 3822 Charinum
445 3762 753 3845 appropinquantes,
793 3783 854 3827 neo
878 3764 949 3826 loeo
978 3783 1011 3825 se
1038 3771 1170 3826 movete

190 3866 269 3933 horo
292 3869 436 3948 quamvis
453 3871 602 3950 jubente,
633 3873 757 3936 obviem
776 3872 825 3933 ire
842 3849 995 3954 superbus
1013 3870 1167 3950 dedigne-

189 3984 262 4044 tur:
282 3977 326 4044 ef.
348 3977 440 4045 dioro.
463 3981 493 4044 5.
513 3980 543 4046 2.
565 3981 601 4046 il
624 4000 670 4063 sq.
712 3981 855 4048 donento
873 3980 1010 4057 deidei,
1033 3988 1067 4043 et
1084 3978 1163 4042 edis
