<?xml version="1.0" encoding="UTF-8"?>
<!DOCTYPE html PUBLIC "-//W3C//DTD XHTML 1.0 Transitional//EN"
    "http://www.w3.org/TR/xhtml1/DTD/xhtml1-transitional.dtd">
<html xmlns="http://www.w3.org/1999/xhtml" xml:lang="en" lang="en">
 <head>
  <title>
</title>
<meta http-equiv="Content-Type" content="text/html;charset=utf-8" />
  <meta name='ocr-system' content='tesseract 3.04.00' />
  <meta name='ocr-capabilities' content='ocr_page ocr_carea ocr_par ocr_line ocrx_word'/>
</head>
<body>
  <div class='ocr_page' id='page_1' title='image "./specimenliterar00plaugoog_0082.png"; bbox 0 0 2716 5152; ppageno 0'>
   <div class='ocr_carea' id='block_1_1' title="bbox 661 389 714 465">
    <p class='ocr_par' dir='ltr' id='par_1_1' title="bbox 661 389 714 465">
     <span class='ocr_line' id='line_1_1' title="bbox 661 389 714 465; baseline -0.057 0"><span class='ocrx_word' id='word_1_1' title='bbox 661 389 714 465; x_wconf 85' lang='grc'>67</span> 
     </span>
    </p>
   </div>
   <div class='ocr_carea' id='block_1_2' title="bbox 253 627 1012 704">
    <p class='ocr_par' dir='ltr' id='par_1_2' title="bbox 253 627 1012 704">
     <span class='ocr_line' id='line_1_2' title="bbox 253 627 1012 704; baseline -0.005 -1"><span class='ocrx_word' id='word_1_2' title='bbox 253 635 323 704; x_wconf 84' lang='lat' dir='ltr'>Vel</span> <span class='ocrx_word' id='word_1_3' title='bbox 347 647 384 700; x_wconf 86' lang='lat' dir='ltr'>tu</span> <span class='ocrx_word' id='word_1_4' title='bbox 405 655 448 699; x_wconf 90' lang='lat' dir='ltr'>ue</span> <span class='ocrx_word' id='word_1_5' title='bbox 470 632 600 697; x_wconf 79' lang='lat' dir='ltr'>faceres</span> <span class='ocrx_word' id='word_1_6' title='bbox 624 627 692 694; x_wconf 87' lang='lat' dir='ltr'>tule</span> <span class='ocrx_word' id='word_1_7' title='bbox 714 631 751 694; x_wconf 87' lang='lat' dir='ltr'>iu</span> <span class='ocrx_word' id='word_1_8' title='bbox 773 628 1012 701; x_wconf 77' lang='lat' dir='ltr'>odolescentia.</span> 
     </span>
    </p>
   </div>
   <div class='ocr_carea' id='block_1_3' title="bbox 186 747 1164 1068">
    <p class='ocr_par' dir='ltr' id='par_1_3' title="bbox 186 747 1164 1068">
     <span class='ocr_line' id='line_1_3' title="bbox 255 747 1138 836; baseline 0 -19"><span class='ocrx_word' id='word_1_9' title='bbox 255 751 401 819; x_wconf 87' lang='lat' dir='ltr'><strong>Probum</strong></span> <span class='ocrx_word' id='word_1_10' title='bbox 411 759 540 836; x_wconf 83' lang='lat' dir='ltr'>petrem</span> <span class='ocrx_word' id='word_1_11' title='bbox 551 765 628 812; x_wconf 84' lang='lat' dir='ltr'>esse</span> <span class='ocrx_word' id='word_1_12' title='bbox 640 756 794 831; x_wconf 76' lang='lat' dir='ltr'>oportet,</span> <span class='ocrx_word' id='word_1_13' title='bbox 820 747 880 833; x_wconf 85' lang='lat' dir='ltr'>qui</span> <span class='ocrx_word' id='word_1_14' title='bbox 894 761 1030 835; x_wconf 82' lang='lat' dir='ltr'>gnatum</span> <span class='ocrx_word' id='word_1_15' title='bbox 1042 772 1138 818; x_wconf 87' lang='lat' dir='ltr'>suum</span> 
     </span>
     <span class='ocr_line' id='line_1_4' title="bbox 252 861 1144 952; baseline 0.002 -20"><span class='ocrx_word' id='word_1_16' title='bbox 252 867 339 932; x_wconf 83' lang='lat' dir='ltr'>Esse</span> <span class='ocrx_word' id='word_1_17' title='bbox 349 863 561 952; x_wconf 87' lang='lat' dir='ltr'>probiorem,</span> <span class='ocrx_word' id='word_1_18' title='bbox 587 880 684 946; x_wconf 86' lang='lat' dir='ltr'>quam</span> <span class='ocrx_word' id='word_1_19' title='bbox 695 861 791 946; x_wconf 87' lang='lat' dir='ltr'>ipsus</span> <span class='ocrx_word' id='word_1_20' title='bbox 804 861 934 941; x_wconf 85' lang='lat' dir='ltr'>fuerit,</span> <span class='ocrx_word' id='word_1_21' title='bbox 959 864 1109 950; x_wconf 82' lang='lat' dir='ltr'>postulet</span> <span class='ocrx_word' id='word_1_22' title='bbox 1121 890 1144 949; x_wconf 52' lang='lat'>:¹</span> 
     </span>
     <span class='ocr_line' id='line_1_5' title="bbox 186 975 1164 1068; baseline -0.002 -19"><span class='ocrx_word' id='word_1_23' title='bbox 186 979 341 1048; x_wconf 83' lang='lat' dir='ltr'><strong>25.Nam</strong></span> <span class='ocrx_word' id='word_1_24' title='bbox 365 992 402 1044; x_wconf 90' lang='lat' dir='ltr'>tu</span> <span class='ocrx_word' id='word_1_25' title='bbox 424 976 512 1066; x_wconf 92' lang='lat' dir='ltr'>quod</span> <span class='ocrx_word' id='word_1_26' title='bbox 534 975 669 1054; x_wconf 81' lang='lat' dir='ltr'>damni,</span> <span class='ocrx_word' id='word_1_27' title='bbox 704 987 738 1039; x_wconf 90' lang='lat' dir='ltr'>et</span> <span class='ocrx_word' id='word_1_28' title='bbox 760 976 849 1063; x_wconf 89' lang='lat' dir='ltr'>quod</span> <span class='ocrx_word' id='word_1_29' title='bbox 871 978 989 1044; x_wconf 80' lang='lat' dir='ltr'><strong>fecisti</strong></span> <span class='ocrx_word' id='word_1_30' title='bbox 1012 981 1164 1068; x_wconf 78' lang='lat' dir='ltr'>flagitii,</span> 
     </span>
    </p>
   </div>
   <div class='ocr_carea' id='block_1_4' title="bbox 168 1261 1217 4055">
    <p class='ocr_par' dir='ltr' id='par_1_4' title="bbox 186 1261 1171 2644">
     <span class='ocr_line' id='line_1_6' title="bbox 225 1261 1165 1339; baseline 0.001 -15"><span class='ocrx_word' id='word_1_31' title='bbox 225 1263 275 1324; x_wconf 81' lang='lat' dir='ltr'>Vs.</span> <span class='ocrx_word' id='word_1_32' title='bbox 298 1264 347 1323; x_wconf 91' lang='lat'>22.</span> <span class='ocrx_word' id='word_1_33' title='bbox 369 1261 420 1320; x_wconf 84' lang='lat' dir='ltr'>cel</span> <span class='ocrx_word' id='word_1_34' title='bbox 444 1270 478 1319; x_wconf 82' lang='lat' dir='ltr'>tu</span> <span class='ocrx_word' id='word_1_35' title='bbox 506 1280 545 1317; x_wconf 81' lang='lat' dir='ltr'>ue</span> <span class='ocrx_word' id='word_1_36' title='bbox 562 1261 709 1339; x_wconf 79' lang='lat' dir='ltr'>soceros:</span> <span class='ocrx_word' id='word_1_37' title='bbox 735 1263 929 1322; x_wconf 77' lang='lat' dir='ltr'>constructio</span> <span class='ocrx_word' id='word_1_38' title='bbox 955 1263 1082 1325; x_wconf 83' lang='lat' dir='ltr'>insolita</span> <span class='ocrx_word' id='word_1_39' title='bbox 1108 1283 1165 1325; x_wconf 80' lang='lat' dir='ltr'>ne·</span> 
     </span>
     <span class='ocr_line' id='line_1_7' title="bbox 186 1353 1168 1450; baseline -0.002 -16"><span class='ocrx_word' id='word_1_40' title='bbox 186 1374 264 1434; x_wconf 90' lang='lat' dir='ltr'>mini</span> <span class='ocrx_word' id='word_1_41' title='bbox 299 1373 511 1450; x_wconf 80' lang='lat' dir='ltr'>interpretum</span> <span class='ocrx_word' id='word_1_42' title='bbox 527 1353 529 1359; x_wconf 37' lang='lat'><strong><em>¹</em></strong></span> <span class='ocrx_word' id='word_1_43' title='bbox 547 1367 730 1448; x_wconf 86' lang='lat' dir='ltr'>scrupulum</span> <span class='ocrx_word' id='word_1_44' title='bbox 766 1369 912 1447; x_wconf 86' lang='lat' dir='ltr'>injecisse</span> <span class='ocrx_word' id='word_1_45' title='bbox 947 1371 1091 1432; x_wconf 84' lang='lat' dir='ltr'>videtur:</span> <span class='ocrx_word' id='word_1_46' title='bbox 1134 1373 1168 1432; x_wconf 91' lang='lat' dir='ltr'>in</span> 
     </span>
     <span class='ocr_line' id='line_1_8' title="bbox 186 1465 1169 1562; baseline -0.002 -21"><span class='ocrx_word' id='word_1_47' title='bbox 186 1490 313 1562; x_wconf 88' lang='lat' dir='ltr'>promtu</span> <span class='ocrx_word' id='word_1_48' title='bbox 330 1497 403 1539; x_wconf 86' lang='lat' dir='ltr'>sane</span> <span class='ocrx_word' id='word_1_49' title='bbox 421 1485 484 1550; x_wconf 87' lang='lat' dir='ltr'>est,</span> <span class='ocrx_word' id='word_1_50' title='bbox 521 1494 696 1556; x_wconf 85' lang='lat' dir='ltr'>exponere:</span> <span class='ocrx_word' id='word_1_51' title='bbox 725 1465 776 1534; x_wconf 73' lang='lat' dir='ltr'>uel</span> <span class='ocrx_word' id='word_1_52' title='bbox 794 1495 898 1536; x_wconf 89' lang='lat' dir='ltr'>nonne</span> <span class='ocrx_word' id='word_1_53' title='bbox 917 1486 953 1536; x_wconf 92' lang='lat' dir='ltr'>tu</span> <span class='ocrx_word' id='word_1_54' title='bbox 969 1477 1088 1539; x_wconf 85' lang='lat' dir='ltr'>faceres</span> <span class='ocrx_word' id='word_1_55' title='bbox 1106 1479 1169 1540; x_wconf 81' lang='lat' dir='ltr'>tole</span> 
     </span>
     <span class='ocr_line' id='line_1_9' title="bbox 187 1584 1168 1664; baseline -0.002 -14"><span class='ocrx_word' id='word_1_56' title='bbox 187 1592 221 1650; x_wconf 90' lang='lat' dir='ltr'>in</span> <span class='ocrx_word' id='word_1_57' title='bbox 237 1586 465 1650; x_wconf 82' lang='lat' dir='ltr'>adolescentia:</span> <span class='ocrx_word' id='word_1_58' title='bbox 487 1605 551 1661; x_wconf 81' lang='lat' dir='ltr'>non</span> <span class='ocrx_word' id='word_1_59' title='bbox 572 1585 633 1646; x_wconf 83' lang='lat' dir='ltr'>ista</span> <span class='ocrx_word' id='word_1_60' title='bbox 651 1594 756 1645; x_wconf 83' lang='lat' dir='ltr'>tamen</span> <span class='ocrx_word' id='word_1_61' title='bbox 764 1584 920 1661; x_wconf 79' lang='lat' dir='ltr'>quadrant</span> <span class='ocrx_word' id='word_1_62' title='bbox 938 1586 1065 1662; x_wconf 82' lang='lat' dir='ltr'>odilla,</span> <span class='ocrx_word' id='word_1_63' title='bbox 1087 1605 1168 1664; x_wconf 84' lang='lat' dir='ltr'>quae</span> 
     </span>
     <span class='ocr_line' id='line_1_10' title="bbox 193 1693 1169 1775; baseline -0.002 -18"><span class='ocrx_word' id='word_1_64' title='bbox 193 1706 387 1775; x_wconf 85' lang='lat' dir='ltr'>sequuntur,</span> <span class='ocrx_word' id='word_1_65' title='bbox 430 1693 485 1755; x_wconf 88' lang='lat' dir='ltr'>sed</span> <span class='ocrx_word' id='word_1_66' title='bbox 520 1693 628 1774; x_wconf 84' lang='lat' dir='ltr'>inepta</span> <span class='ocrx_word' id='word_1_67' title='bbox 661 1693 715 1753; x_wconf 89' lang='lat' dir='ltr'>hic</span> <span class='ocrx_word' id='word_1_68' title='bbox 745 1701 836 1752; x_wconf 90' lang='lat' dir='ltr'>sunt:</span> <span class='ocrx_word' id='word_1_69' title='bbox 880 1703 1047 1755; x_wconf 83' lang='lat' dir='ltr'>contextus</span> <span class='ocrx_word' id='word_1_70' title='bbox 1084 1696 1169 1756; x_wconf 87' lang='lat' dir='ltr'>enim</span> 
     </span>
     <span class='ocr_line' id='line_1_11' title="bbox 191 1784 1168 1880; baseline -0.004 -11"><span class='ocrx_word' id='word_1_71' title='bbox 191 1806 341 1869; x_wconf 82' lang='lat' dir='ltr'>orationis</span> <span class='ocrx_word' id='word_1_72' title='bbox 371 1802 518 1864; x_wconf 78' lang='lat' dir='ltr'>dubitare</span> <span class='ocrx_word' id='word_1_73' title='bbox 545 1801 674 1861; x_wconf 88' lang='lat' dir='ltr'>minime</span> <span class='ocrx_word' id='word_1_74' title='bbox 699 1800 793 1874; x_wconf 86' lang='lat' dir='ltr'>sinit,</span> <span class='ocrx_word' id='word_1_75' title='bbox 826 1821 890 1862; x_wconf 88' lang='lat' dir='ltr'>non</span> <span class='ocrx_word' id='word_1_76' title='bbox 909 1803 1001 1863; x_wconf 89' lang='lat' dir='ltr'>modo</span> <span class='ocrx_word' id='word_1_77' title='bbox 1022 1784 1101 1880; x_wconf 83' lang='lat' dir='ltr'>quin</span> <span class='ocrx_word' id='word_1_78' title='bbox 1120 1804 1168 1866; x_wconf 81' lang='lat' dir='ltr'>su-</span> 
     </span>
     <span class='ocr_line' id='line_1_12' title="bbox 186 1908 1168 1985; baseline -0.002 -9"><span class='ocrx_word' id='word_1_79' title='bbox 186 1923 275 1976; x_wconf 82' lang='lat' dir='ltr'>ceret</span> <span class='ocrx_word' id='word_1_80' title='bbox 302 1912 397 1983; x_wconf 88' lang='lat' dir='ltr'>Simo,</span> <span class='ocrx_word' id='word_1_81' title='bbox 439 1909 494 1970; x_wconf 88' lang='lat' dir='ltr'>sed</span> <span class='ocrx_word' id='word_1_82' title='bbox 522 1909 617 1970; x_wconf 84' lang='lat' dir='ltr'>etium</span> <span class='ocrx_word' id='word_1_83' title='bbox 636 1909 715 1985; x_wconf 90' lang='lat' dir='ltr'>quin</span> <span class='ocrx_word' id='word_1_84' title='bbox 736 1908 868 1970; x_wconf 86' lang='lat' dir='ltr'>fecerit:</span> <span class='ocrx_word' id='word_1_85' title='bbox 892 1911 933 1970; x_wconf 86' lang='lat' dir='ltr'>cl.</span> <span class='ocrx_word' id='word_1_86' title='bbox 957 1930 1001 1972; x_wconf 87' lang='lat' dir='ltr'>vs.</span> <span class='ocrx_word' id='word_1_87' title='bbox 1024 1913 1074 1973; x_wconf 85' lang='lat'>25.</span> <span class='ocrx_word' id='word_1_88' title='bbox 1118 1912 1168 1974; x_wconf 88' lang='lat' dir='ltr'>Sic</span> 
     </span>
     <span class='ocr_line' id='line_1_13' title="bbox 188 2015 1171 2095; baseline -0.003 -14"><span class='ocrx_word' id='word_1_89' title='bbox 188 2022 407 2081; x_wconf 83' lang='lat' dir='ltr'>sortevertere</span> <span class='ocrx_word' id='word_1_90' title='bbox 425 2017 503 2078; x_wconf 88' lang='lat' dir='ltr'>licet</span> <span class='ocrx_word' id='word_1_91' title='bbox 521 2035 664 2077; x_wconf 82' lang='lat' dir='ltr'>versum:</span> <span class='ocrx_word' id='word_1_92' title='bbox 687 2015 804 2076; x_wconf 83' lang='lat' dir='ltr'>frustra</span> <span class='ocrx_word' id='word_1_93' title='bbox 825 2015 946 2092; x_wconf 81' lang='lat' dir='ltr'>aliquid</span> <span class='ocrx_word' id='word_1_94' title='bbox 961 2027 1062 2092; x_wconf 84' lang='lat' dir='ltr'>vetus,</span> <span class='ocrx_word' id='word_1_95' title='bbox 1086 2019 1171 2095; x_wconf 87' lang='lat' dir='ltr'>quod</span> 
     </span>
     <span class='ocr_line' id='line_1_14' title="bbox 191 2123 1167 2210; baseline -0.002 -22"><span class='ocrx_word' id='word_1_96' title='bbox 191 2128 356 2210; x_wconf 85' lang='lat' dir='ltr'>proprium</span> <span class='ocrx_word' id='word_1_97' title='bbox 385 2134 433 2186; x_wconf 87' lang='lat' dir='ltr'>est</span> <span class='ocrx_word' id='word_1_98' title='bbox 460 2124 546 2186; x_wconf 90' lang='lat' dir='ltr'>omni</span> <span class='ocrx_word' id='word_1_99' title='bbox 565 2123 804 2186; x_wconf 80' lang='lat' dir='ltr'>adolescentiae.</span> <span class='ocrx_word' id='word_1_100' title='bbox 846 2125 990 2199; x_wconf 86' lang='lat' dir='ltr'>Frustra,</span> <span class='ocrx_word' id='word_1_101' title='bbox 1023 2126 1167 2202; x_wconf 79' lang='lat' dir='ltr'>inquam,</span> 
     </span>
     <span class='ocr_line' id='line_1_15' title="bbox 192 2232 1169 2314; baseline -0.004 -18"><span class='ocrx_word' id='word_1_102' title='bbox 192 2245 225 2296; x_wconf 91' lang='lat' dir='ltr'>et</span> <span class='ocrx_word' id='word_1_103' title='bbox 249 2235 403 2313; x_wconf 87' lang='lat' dir='ltr'>injurium</span> <span class='ocrx_word' id='word_1_104' title='bbox 423 2242 489 2294; x_wconf 87' lang='lat' dir='ltr'>cst:</span> <span class='ocrx_word' id='word_1_105' title='bbox 521 2232 586 2305; x_wconf 84' lang='lat' dir='ltr'>vel,</span> <span class='ocrx_word' id='word_1_106' title='bbox 620 2232 648 2292; x_wconf 93' lang='lat' dir='ltr'>si</span> <span class='ocrx_word' id='word_1_107' title='bbox 668 2251 743 2292; x_wconf 82' lang='lat' dir='ltr'>vere</span> <span class='ocrx_word' id='word_1_108' title='bbox 761 2241 796 2293; x_wconf 88' lang='lat' dir='ltr'>et</span> <span class='ocrx_word' id='word_1_109' title='bbox 812 2233 886 2311; x_wconf 88' lang='lat' dir='ltr'>jure</span> <span class='ocrx_word' id='word_1_110' title='bbox 906 2253 978 2293; x_wconf 90' lang='lat' dir='ltr'>eum</span> <span class='ocrx_word' id='word_1_111' title='bbox 997 2232 1169 2314; x_wconf 84' lang='lat' dir='ltr'>reprehen-</span> 
     </span>
     <span class='ocr_line' id='line_1_16' title="bbox 190 2341 1170 2422; baseline -0.004 -17"><span class='ocrx_word' id='word_1_112' title='bbox 190 2345 267 2405; x_wconf 85' lang='lat' dir='ltr'>dere</span> <span class='ocrx_word' id='word_1_113' title='bbox 296 2344 410 2417; x_wconf 87' lang='lat' dir='ltr'>velles,</span> <span class='ocrx_word' id='word_1_114' title='bbox 442 2351 479 2404; x_wconf 91' lang='lat' dir='ltr'>tu</span> <span class='ocrx_word' id='word_1_115' title='bbox 507 2341 575 2422; x_wconf 89' lang='lat' dir='ltr'>ipse</span> <span class='ocrx_word' id='word_1_116' title='bbox 600 2341 635 2401; x_wconf 90' lang='lat' dir='ltr'>in</span> <span class='ocrx_word' id='word_1_117' title='bbox 656 2341 866 2403; x_wconf 78' lang='lat' dir='ltr'>odolescentia</span> <span class='ocrx_word' id='word_1_118' title='bbox 887 2341 950 2403; x_wconf 81' lang='lat' dir='ltr'>tole</span> <span class='ocrx_word' id='word_1_119' title='bbox 969 2342 1047 2419; x_wconf 89' lang='lat' dir='ltr'>quid</span> <span class='ocrx_word' id='word_1_120' title='bbox 1066 2342 1170 2404; x_wconf 84' lang='lat' dir='ltr'>lacere</span> 
     </span>
     <span class='ocr_line' id='line_1_17' title="bbox 191 2436 1171 2532; baseline -0.001 -19"><span class='ocrx_word' id='word_1_121' title='bbox 191 2474 255 2514; x_wconf 90' lang='lat' dir='ltr'>non</span> <span class='ocrx_word' id='word_1_122' title='bbox 283 2452 451 2513; x_wconf 84' lang='lat' dir='ltr'>debuisses.</span> <span class='ocrx_word' id='word_1_123' title='bbox 504 2451 655 2526; x_wconf 80' lang='lat' dir='ltr'>Faceres,</span> <span class='ocrx_word' id='word_1_124' title='bbox 696 2472 755 2532; x_wconf 89' lang='lat' dir='ltr'>pro</span> <span class='ocrx_word' id='word_1_125' title='bbox 775 2436 886 2531; x_wconf 74' lang='lat' dir='ltr'>sotere</span> <span class='ocrx_word' id='word_1_126' title='bbox 914 2451 1093 2525; x_wconf 74' lang='lat' dir='ltr'>debuisses,</span> <span class='ocrx_word' id='word_1_127' title='bbox 1133 2460 1171 2512; x_wconf 88' lang='lat' dir='ltr'>ut</span> 
     </span>
     <span class='ocr_line' id='line_1_18' title="bbox 192 2558 685 2644; baseline -0.012 -20"><span class='ocrx_word' id='word_1_128' title='bbox 192 2562 275 2644; x_wconf 81' lang='lat' dir='ltr'>apud</span> <span class='ocrx_word' id='word_1_129' title='bbox 293 2562 378 2642; x_wconf 76' lang='lat' dir='ltr'>Virg.</span> <span class='ocrx_word' id='word_1_130' title='bbox 399 2558 475 2621; x_wconf 79' lang='lat' dir='ltr'>Aen.</span> <span class='ocrx_word' id='word_1_131' title='bbox 497 2560 585 2620; x_wconf 79' lang='lat' dir='ltr'>VIII.</span> <span class='ocrx_word' id='word_1_132' title='bbox 606 2560 685 2620; x_wconf 84' lang='lat' dir='ltr'>6l3:</span> 
     </span>
    </p>

    <p class='ocr_par' dir='ltr' id='par_1_5' title="bbox 196 2667 1169 2858">
     <span class='ocr_line' id='line_1_19' title="bbox 592 2667 1168 2743; baseline 0.003 -15"><span class='ocrx_word' id='word_1_133' title='bbox 592 2667 635 2728; x_wconf 74' lang='lat' dir='ltr'>At</span> <span class='ocrx_word' id='word_1_134' title='bbox 652 2679 688 2728; x_wconf 79' lang='lat' dir='ltr'>to</span> <span class='ocrx_word' id='word_1_135' title='bbox 705 2669 817 2743; x_wconf 81' lang='lat' dir='ltr'>dictis,</span> <span class='ocrx_word' id='word_1_136' title='bbox 850 2669 986 2742; x_wconf 81' lang='lat' dir='ltr'>Albaue,</span> <span class='ocrx_word' id='word_1_137' title='bbox 1016 2688 1168 2730; x_wconf 80' lang='lat' dir='ltr'>moneres.</span> 
     </span>
     <span class='ocr_line' id='line_1_20' title="bbox 196 2777 1169 2858; baseline -0.004 -16"><span class='ocrx_word' id='word_1_138' title='bbox 196 2780 249 2842; x_wconf 86' lang='lat' dir='ltr'>Cic</span> <span class='ocrx_word' id='word_1_139' title='bbox 269 2778 317 2840; x_wconf 82' lang='lat' dir='ltr'>ud.</span> <span class='ocrx_word' id='word_1_140' title='bbox 338 2778 407 2841; x_wconf 83' lang='lat' dir='ltr'>niv.</span> <span class='ocrx_word' id='word_1_141' title='bbox 427 2778 471 2838; x_wconf 93' lang='grc' dir='ltr'><strong>ΙΙ.</strong></span> <span class='ocrx_word' id='word_1_142' title='bbox 493 2779 531 2838; x_wconf 86' lang='grc'>16</span> <span class='ocrx_word' id='word_1_143' title='bbox 549 2777 621 2838; x_wconf 91' lang='lat' dir='ltr'>init.</span> <span class='ocrx_word' id='word_1_144' title='bbox 642 2777 1169 2858; x_wconf 64' lang='grc' dir='ltr'><strong>1001000000οΜ101000010100001.</strong></span> 
     </span>
    </p>

    <p class='ocr_par' dir='ltr' id='par_1_6' title="bbox 186 2887 1172 3294">
     <span class='ocr_line' id='line_1_21' title="bbox 236 2887 1172 2967; baseline 0 -20"><span class='ocrx_word' id='word_1_145' title='bbox 236 2891 287 2949; x_wconf 87' lang='lat' dir='ltr'>Vs.</span> <span class='ocrx_word' id='word_1_146' title='bbox 308 2890 358 2949; x_wconf 84' lang='lat'>25.</span> <span class='ocrx_word' id='word_1_147' title='bbox 381 2887 460 2967; x_wconf 81' lang='lat' dir='ltr'>quod</span> <span class='ocrx_word' id='word_1_148' title='bbox 484 2887 592 2945; x_wconf 81' lang='lat' dir='ltr'>domui</span> <span class='ocrx_word' id='word_1_149' title='bbox 611 2896 641 2944; x_wconf 84' lang='lat' dir='ltr'>et</span> <span class='ocrx_word' id='word_1_150' title='bbox 657 2887 737 2966; x_wconf 80' lang='lat' dir='ltr'>quod</span> <span class='ocrx_word' id='word_1_151' title='bbox 746 2889 859 2967; x_wconf 82' lang='lat' dir='ltr'>fecisti</span> <span class='ocrx_word' id='word_1_152' title='bbox 866 2889 1013 2966; x_wconf 76' lang='lat' dir='ltr'>flupitii3</span> <span class='ocrx_word' id='word_1_153' title='bbox 1040 2887 1172 2947; x_wconf 81' lang='lat' dir='ltr'>verbum</span> 
     </span>
     <span class='ocr_line' id='line_1_22' title="bbox 186 2995 1172 3078; baseline -0.001 -24"><span class='ocrx_word' id='word_1_154' title='bbox 186 2997 298 3078; x_wconf 75' lang='lat' dir='ltr'>fecisti</span> <span class='ocrx_word' id='word_1_155' title='bbox 326 3015 397 3055; x_wconf 86' lang='lat' dir='ltr'>curn</span> <span class='ocrx_word' id='word_1_156' title='bbox 417 2996 540 3074; x_wconf 76' lang='lat' dir='ltr'>flaqitt&#39;t&#39;</span> <span class='ocrx_word' id='word_1_157' title='bbox 569 3004 691 3055; x_wconf 86' lang='lat' dir='ltr'>tantum</span> <span class='ocrx_word' id='word_1_158' title='bbox 719 2995 973 3074; x_wconf 75' lang='lat' dir='ltr'>conjungendum</span> <span class='ocrx_word' id='word_1_159' title='bbox 1002 3006 1066 3069; x_wconf 90' lang='lat' dir='ltr'>est,</span> <span class='ocrx_word' id='word_1_160' title='bbox 1108 3014 1172 3055; x_wconf 87' lang='lat' dir='ltr'>non</span> 
     </span>
     <span class='ocr_line' id='line_1_23' title="bbox 197 3102 1171 3183; baseline -0.004 -19"><span class='ocrx_word' id='word_1_161' title='bbox 197 3124 269 3164; x_wconf 89' lang='lat' dir='ltr'>cum</span> <span class='ocrx_word' id='word_1_162' title='bbox 290 3103 416 3176; x_wconf 77' lang='lat' dir='ltr'>domut3</span> <span class='ocrx_word' id='word_1_163' title='bbox 442 3121 514 3163; x_wconf 86' lang='lat' dir='ltr'>nam</span> <span class='ocrx_word' id='word_1_164' title='bbox 534 3104 679 3162; x_wconf 71' lang='lat' dir='ltr'>domorum</span> <span class='ocrx_word' id='word_1_165' title='bbox 691 3105 802 3183; x_wconf 82' lang='lat' dir='ltr'>socero</span> <span class='ocrx_word' id='word_1_166' title='bbox 822 3112 868 3164; x_wconf 89' lang='lat' dir='ltr'>est</span> <span class='ocrx_word' id='word_1_167' title='bbox 888 3104 910 3164; x_wconf 89' lang='lat' dir='ltr'>i.</span> <span class='ocrx_word' id='word_1_168' title='bbox 932 3121 963 3180; x_wconf 91' lang='lat' dir='ltr'>q.</span> <span class='ocrx_word' id='word_1_169' title='bbox 984 3121 1040 3164; x_wconf 89' lang='lat' dir='ltr'>nos</span> <span class='ocrx_word' id='word_1_170' title='bbox 1059 3102 1171 3182; x_wconf 81' lang='lat' dir='ltr'>vulgo:</span> 
     </span>
     <span class='ocr_line' id='line_1_24' title="bbox 199 3200 1171 3294; baseline -0.002 -21"><span class='ocrx_word' id='word_1_171' title='bbox 199 3214 346 3273; x_wconf 79' lang='lat' dir='ltr'>domnum</span> <span class='ocrx_word' id='word_1_172' title='bbox 373 3211 528 3292; x_wconf 80' lang='lat' dir='ltr'>occipere,</span> <span class='ocrx_word' id='word_1_173' title='bbox 545 3213 651 3289; x_wconf 79' lang='lat' dir='ltr'>serre,</span> <span class='ocrx_word' id='word_1_174' title='bbox 679 3215 759 3294; x_wconf 76' lang='lat' dir='ltr'>poti.</span> <span class='ocrx_word' id='word_1_175' title='bbox 800 3200 872 3272; x_wconf 71' lang='lat' dir='ltr'>vid.</span> <span class='ocrx_word' id='word_1_176' title='bbox 894 3213 999 3272; x_wconf 84' lang='lat' dir='ltr'>Burm.</span> <span class='ocrx_word' id='word_1_177' title='bbox 1017 3211 1057 3272; x_wconf 81' lang='lat' dir='ltr'>ud</span> <span class='ocrx_word' id='word_1_178' title='bbox 1076 3209 1171 3271; x_wconf 85' lang='lat' dir='ltr'>Anth.</span> 
     </span>
    </p>

    <p class='ocr_par' dir='ltr' id='par_1_7' title="bbox 168 3319 1217 4055">
     <span class='ocr_line' id='line_1_25' title="bbox 168 3319 1173 3401; baseline -0.006 -18"><span class='ocrx_word' id='word_1_179' title='bbox 168 3338 171 3347; x_wconf 80' lang='grc'><strong>“</strong></span> <span class='ocrx_word' id='word_1_180' title='bbox 199 3324 265 3383; x_wconf 85' lang='lat' dir='ltr'>Lat.</span> <span class='ocrx_word' id='word_1_181' title='bbox 288 3323 372 3381; x_wconf 89' lang='lat' dir='ltr'>Tom.</span> <span class='ocrx_word' id='word_1_182' title='bbox 395 3319 421 3379; x_wconf 94' lang='lat' dir='ltr'>I.</span> <span class='ocrx_word' id='word_1_183' title='bbox 443 3340 473 3400; x_wconf 89' lang='lat' dir='ltr'>p.</span> <span class='ocrx_word' id='word_1_184' title='bbox 497 3321 565 3381; x_wconf 87' lang='grc'><strong>553.</strong></span> <span class='ocrx_word' id='word_1_185' title='bbox 607 3320 721 3382; x_wconf 86' lang='lat' dir='ltr'>Eodem</span> <span class='ocrx_word' id='word_1_186' title='bbox 740 3321 831 3382; x_wconf 89' lang='lat' dir='ltr'>modo</span> <span class='ocrx_word' id='word_1_187' title='bbox 849 3320 981 3382; x_wconf 88' lang='lat' dir='ltr'>dicimus</span> <span class='ocrx_word' id='word_1_188' title='bbox 993 3323 1103 3401; x_wconf 82' lang='lat' dir='ltr'>secere</span> <span class='ocrx_word' id='word_1_189' title='bbox 1120 3321 1173 3378; x_wconf 83' lang='lat' dir='ltr'>de-</span> 
     </span>
     <span class='ocr_line' id='line_1_26' title="bbox 200 3429 1174 3511; baseline -0.003 -22"><span class='ocrx_word' id='word_1_190' title='bbox 200 3433 400 3501; x_wconf 79' lang='lat' dir='ltr'>trimentum,</span> <span class='ocrx_word' id='word_1_191' title='bbox 429 3432 613 3511; x_wconf 79' lang='lat' dir='ltr'>jacturam:</span> <span class='ocrx_word' id='word_1_192' title='bbox 641 3439 674 3489; x_wconf 86' lang='lat' dir='ltr'>et</span> <span class='ocrx_word' id='word_1_193' title='bbox 702 3430 852 3489; x_wconf 84' lang='lat' dir='ltr'>dixerunt</span> <span class='ocrx_word' id='word_1_194' title='bbox 872 3429 1046 3505; x_wconf 86' lang='lat' dir='ltr'>antiquitus</span> <span class='ocrx_word' id='word_1_195' title='bbox 1065 3437 1174 3487; x_wconf 80' lang='lat' dir='ltr'>eontu-</span> 
     </span>
     <span class='ocr_line' id='line_1_27' title="bbox 202 3536 1175 3619; baseline -0.001 -22"><span class='ocrx_word' id='word_1_196' title='bbox 202 3540 325 3598; x_wconf 81' lang='lat' dir='ltr'>melt&#39;om</span> <span class='ocrx_word' id='word_1_197' title='bbox 345 3540 473 3618; x_wconf 83' lang='lat' dir='ltr'>facere,</span> <span class='ocrx_word' id='word_1_198' title='bbox 506 3558 563 3617; x_wconf 88' lang='lat' dir='ltr'>pro</span> <span class='ocrx_word' id='word_1_199' title='bbox 587 3539 677 3619; x_wconf 77' lang='lat' dir='ltr'>poti.-</span> <span class='ocrx_word' id='word_1_200' title='bbox 709 3539 772 3600; x_wconf 86' lang='lat' dir='ltr'>Cic.</span> <span class='ocrx_word' id='word_1_201' title='bbox 802 3538 884 3600; x_wconf 88' lang='lat' dir='ltr'>Phil.</span> <span class='ocrx_word' id='word_1_202' title='bbox 907 3538 965 3599; x_wconf 93' lang='grc' dir='ltr'><strong>ΙΙΙ.</strong></span> <span class='ocrx_word' id='word_1_203' title='bbox 988 3538 1018 3600; x_wconf 88' lang='grc'>9.</span> <span class='ocrx_word' id='word_1_204' title='bbox 1060 3536 1175 3598; x_wconf 86' lang='lat' dir='ltr'>ltlultus</span> 
     </span>
     <span class='ocr_line' id='line_1_28' title="bbox 201 3636 1217 3725; baseline 0.002 -21"><span class='ocrx_word' id='word_1_205' title='bbox 201 3644 241 3704; x_wconf 85' lang='lat' dir='ltr'>de</span> <span class='ocrx_word' id='word_1_206' title='bbox 260 3645 321 3706; x_wconf 88' lang='lat' dir='ltr'>hoe</span> <span class='ocrx_word' id='word_1_207' title='bbox 341 3644 491 3722; x_wconf 85' lang='lat' dir='ltr'>loquendi</span> <span class='ocrx_word' id='word_1_208' title='bbox 509 3665 625 3725; x_wconf 78' lang='lat' dir='ltr'>genere</span> <span class='ocrx_word' id='word_1_209' title='bbox 646 3648 959 3709; x_wconf 84' lang='lat' dir='ltr'>estGron.0hss.IlI.</span> <span class='ocrx_word' id='word_1_210' title='bbox 976 3649 1005 3708; x_wconf 87' lang='lat'>8.</span> <span class='ocrx_word' id='word_1_211' title='bbox 1040 3646 1090 3709; x_wconf 78' lang='lat' dir='ltr'>sic</span> <span class='ocrx_word' id='word_1_212' title='bbox 1108 3666 1175 3709; x_wconf 87' lang='lat' dir='ltr'>sue·</span> <span class='ocrx_word' id='word_1_213' title='bbox 1205 3636 1217 3655; x_wconf 78' lang='lat'><em>⁰</em></span> 
     </span>
     <span class='ocr_line' id='line_1_29' title="bbox 201 3753 1176 3834; baseline 0.002 -22"><span class='ocrx_word' id='word_1_214' title='bbox 201 3753 272 3832; x_wconf 86' lang='lat' dir='ltr'>pius</span> <span class='ocrx_word' id='word_1_215' title='bbox 301 3763 423 3814; x_wconf 82' lang='lat' dir='ltr'>veteres</span> <span class='ocrx_word' id='word_1_216' title='bbox 451 3775 547 3815; x_wconf 90' lang='lat' dir='ltr'>unum</span> <span class='ocrx_word' id='word_1_217' title='bbox 578 3755 708 3816; x_wconf 84' lang='lat' dir='ltr'>verbum</span> <span class='ocrx_word' id='word_1_218' title='bbox 735 3754 856 3817; x_wconf 87' lang='lat' dir='ltr'>duobus</span> <span class='ocrx_word' id='word_1_219' title='bbox 881 3756 1083 3816; x_wconf 80' lang='lat' dir='ltr'>substantivis</span> <span class='ocrx_word' id='word_1_220' title='bbox 1098 3757 1176 3834; x_wconf 91' lang='lat' dir='ltr'>jun·</span> 
     </span>
     <span class='ocr_line' id='line_1_30' title="bbox 203 3863 1179 3939; baseline 0.001 -21"><span class='ocrx_word' id='word_1_221' title='bbox 203 3869 301 3938; x_wconf 80' lang='lat' dir='ltr'>gunt,</span> <span class='ocrx_word' id='word_1_222' title='bbox 341 3879 475 3939; x_wconf 87' lang='lat' dir='ltr'>quorum</span> <span class='ocrx_word' id='word_1_223' title='bbox 500 3864 647 3925; x_wconf 77' lang='lat' dir='ltr'>alterutri</span> <span class='ocrx_word' id='word_1_224' title='bbox 668 3873 771 3926; x_wconf 82' lang='lat' dir='ltr'>tamen</span> <span class='ocrx_word' id='word_1_225' title='bbox 799 3864 902 3924; x_wconf 88' lang='lat' dir='ltr'>miuus</span> <span class='ocrx_word' id='word_1_226' title='bbox 922 3863 1087 3927; x_wconf 84' lang='lat' dir='ltr'>convenit:</span> <span class='ocrx_word' id='word_1_227' title='bbox 1117 3863 1179 3920; x_wconf 89' lang='lat' dir='ltr'>imo</span> 
     </span>
     <span class='ocr_line' id='line_1_31' title="bbox 203 3969 1183 4055; baseline 0.002 -29"><span class='ocrx_word' id='word_1_228' title='bbox 203 3969 255 4027; x_wconf 83' lang='lat' dir='ltr'>vel</span> <span class='ocrx_word' id='word_1_229' title='bbox 275 3969 406 4032; x_wconf 86' lang='lat' dir='ltr'>verbum</span> <span class='ocrx_word' id='word_1_230' title='bbox 435 3975 611 4035; x_wconf 81' lang='lat' dir='ltr'>contrariae</span> <span class='ocrx_word' id='word_1_231' title='bbox 641 3973 877 4055; x_wconf 77' lang='lat' dir='ltr'>significationis</span> <span class='ocrx_word' id='word_1_232' title='bbox 897 3971 1057 4036; x_wconf 88' lang='lat' dir='ltr'>interdum</span> <span class='ocrx_word' id='word_1_233' title='bbox 1086 3971 1183 4032; x_wconf 80' lang='lat' dir='ltr'>obest.</span> 
     </span>
    </p>
   </div>
   <div class='ocr_carea' id='block_1_5' title="bbox 0 0 1381 5152">
    <p class='ocr_par' dir='ltr' id='par_1_8' title="bbox 0 0 1381 5152">
     <span class='ocr_line' id='line_1_32' title="bbox 0 0 1381 5152; baseline 0 0"><span class='ocrx_word' id='word_1_234' title='bbox 0 0 1381 5152; x_wconf 95' lang='lat' dir='ltr'> </span> 
     </span>
    </p>
   </div>
  </div>
 </body>
</html>
