2670 5146
726 358 752 432 8

318 600 487 676 Lenonem
508 600 601 668 fallit
622 599 880 688 sycophantaoie
904 600 1031 668 osenla·

258 725 311 790 15.
325 722 442 789 Scorto
466 716 645 785 Calidorus
667 717 796 802 potitur
816 717 895 780 vivo
918 716 1069 784 seudolo.

588 941 896 970 Επ-

484 1090 998 1184 PROLOGUS.

665 1321 840 1362 ···.··⁶·····
859 1308 862 1315 ’

325 1451 508 1564 Studete
530 1497 630 1564 lodie
648 1498 757 1576 mihi,
781 1498 868 1564 bono
891 1503 929 1564 io
941 1520 1074 1567 soonam
1086 1503 1228 1585 offero:

320 1611 411 1679 Nom
433 1612 521 1679 bono
543 1613 642 1680 bono
655 1614 759 1696 ferri
787 1635 867 1680 reor
888 1635 1027 1704 aequom
1049 1637 1229 1698 maxume,
1282 1624 1286 1629 ’

297 1812 348 1876 Vs.
372 1816 419 1877 lt.
442 1803 698 1898 sycophootooio:
725 1825 835 1878 auctor
854 1816 981 1877 videtur
1000 1818 1158 1900 scripsisse
1177 1841 1230 1901 sy·

257 1924 438 2008 cophantio,
463 1925 574 1987 Osann.
592 1926 613 1986 1.
632 1926 654 1986 l.
670 1926 721 1987 vel
739 1925 940 2010 sycophanta,
960 1935 997 1988 ut
1011 1926 1169 2007 adjectum
1184 1929 1232 1988 oie

259 2032 340 2093 male
356 2033 486 2094 iteratae
501 2033 638 2112 syllabae
655 2054 720 2116 seq.
739 2034 892 2116 originem
909 2036 1189 2099 debere'dioamus.

299 2140 350 2202 Vs.
382 2142 430 2204 15.
466 2141 542 2201 Vivo
564 2142 710 2203 seudolo:
739 2143 881 2226 ineptum
900 2141 970 2206 hoo.
1013 2143 1110 2223 liujus
1130 2145 1231 2225 suspi-

260 2231 348 2312 catus
374 2258 437 2309 est:
475 2260 547 2309 ortu
574 2250 625 2310 vel
641 2250 761 2331 froude
789 2253 946 2312 Pseudoli.
994 2253 1113 2313 Osann:
1145 2272 1235 2312 servo

261 2355 432 2416 Pseudolo:
453 2356 537 2437 quod
557 2358 834 2420 sanemaleLotino
849 2374 923 2440 pro:
933 2379 1122 2440 persoroum
1131 2357 1232 2418 Pseu·

261 2455 372 2526 dolum.
424 2465 515 2526 Forte
534 2466 646 2527 melius
666 2465 743 2526 orit:
774 2466 858 2526 solvo
874 2465 1042 2540 Pseudolo,
1071 2474 1109 2527 ut
1128 2466 1230 2540 dieat,

260 2574 387 2656 impuno
407 2573 494 2635 dolos
514 2595 584 2636 suos
601 2573 792 2637 machinatos
821 2595 886 2635 esso
901 2574 1103 2650 Pseudolum,
1136 2584 1233 2656 atque

262 2682 375 2744 herum
402 2683 557 2763 tetigisse:
596 2684 680 2765 qnod
701 2683 727 2744 si
746 2679 885 2764 rejicias,
913 2685 984 2744 oioo
1006 2685 1052 2748 ita
1069 2683 1131 2745 erit
1148 2686 1239 2747 aooi·‘

261 2791 423 2872 piendum,
447 2801 484 2852 ut
501 2812 591 2874 saepe
608 2792 691 2874 apud
708 2794 868 2866 Plautum,
900 2800 933 2853 et
949 2793 983 2854 in
997 2794 1157 2856 notissima
1173 2794 1230 2855 illa

262 2899 412 2963 formula:
442 2921 489 2959 me
513 2902 583 2960 oioo
605 2911 696 2983 atquo
720 2903 863 2974 uidente,
892 2902 958 2981 ἐμεῦ
982 2903 1097 2981 ζῶντος,
1118 2908 1163 2965 καὶ
1186 2902 1232 2963 ἐπὶ

265 3011 337 3086 χθονὶ
355 3009 521 3086 δερκομένοιο.

706 3124 794 3140 m

305 3187 404 3266 Hujus
434 3186 557 3267 prologi
583 3186 710 3248 ultimos
737 3187 814 3249 duos
841 3173 947 3249 uersus
972 3197 1093 3249 tantum
1115 3186 1234 3248 habent

265 3294 395 3376 plurimi
424 3293 510 3370 uss„
540 3295 575 3354 in
600 3294 639 3355 iis
665 3295 764 3357 codex
790 3293 935 3358 Ambros‘:
968 3305 1088 3358 eeteros
1106 3292 1234 3372 ingenio
1300 3275 1303 3280 ’

266 3402 412 3464 Plautino
440 3402 532 3484 plane
559 3403 705 3485 indignos
721 3405 865 3486 judicant
884 3404 922 3466 ad
941 3423 1038 3464 unum
1057 3419 1163 3462 omnes
1182 3401 1233 3460 in-

266 3518 428 3591 terpretor.
482 3513 528 3572 Ne
556 3513 702 3593 antiquos
729 3506 868 3594 quidem¹
883 3519 988 3574 conset
1013 3511 1122 3585 Osann.
1144 3505 1233 3570 Anal.

153 3612 155 3617 ’
268 3617 344 3680 orit.
364 3618 437 3699 Pag.
459 3620 534 3695 llss,
564 3631 734 3702 postremos
753 3642 859 3683 versus
878 3629 999 3701 partem
1018 3618 1092 3679 novi
1111 3616 1234 3699 prologi
1308 3701 1310 3706 Ι

267 3745 333 3787 osse
353 3727 545 3803 existimans,
568 3730 602 3790 in
622 3750 711 3792 usum
730 3730 882 3813 repetitae
900 3727 1025 3790 fabulae
1044 3725 1175 3789 actionis
1194 3726 1235 3786 ab

266 3834 420 3897 histrione
438 3836 540 3899 aliove
558 3838 783 3921 interpolatore
801 3836 946 3900 confecti.

309 3942 358 4004 Vr.
388 3944 514 4010 2-10.
557 3947 747 4029 Quamquam
785 3943 937 4026 ejusmodi
964 3945 1036 4008 lusu
1062 3943 1238 4006 delectatur
