2670 5146
634 394 689 470 at

240 643 317 710 Hae
330 639 466 727 quidam
477 634 591 703 hercle
602 635 691 701 haud
704 634 774 702 ibis
786 638 875 704 intro
888 682 899 717 ‚
930 642 1071 728 nequid
1082 642 1162 714 har.

933 775 1003 841 pax
1015 757 1157 827 feceris.

174 879 232 944 6⁰.
242 895 301 940 aa.
314 871 441 940 Hostes
454 871 551 935 vivos
562 889 679 955 rapere
690 865 783 934 soleo
796 889 842 933 ex
854 870 928 937 acie
939 890 948 937 r
959 891 1007 937 ea
1019 870 1084 940 hec
1094 896 1155 940 no·

903 1004 980 1051 men
989 987 1079 1053 mihi
1090 1003 1156 1055 est.

241 1123 292 1168 rs.
315 1097 378 1166 Pol
391 1095 541 1167 temnite
558 1099 692 1185 magis,
719 1101 855 1184 opinor,
880 1122 961 1166 vasa
971 1100 1101 1170 ahenea
1111 1126 1155 1170 ex

999 1217 1154 1285 aedibus.

241 1351 300 1396 at.
323 1325 399 1395 Non
423 1330 473 1393 ita
491 1339 556 1393 est.
581 1325 649 1393 Sed
661 1328 748 1393 scin’
763 1327 844 1415 quid
857 1340 891 1393 te
902 1349 1015 1411 orem,
1040 1331 1153 1416 Syrei

756 1463 808 1508 rs.
832 1444 945 1510 Sciam
959 1447 992 1511 si
1005 1447 1152 1513 dixeris.

238 1581 297 1628 as·
320 1559 393 1646 Ege
405 1558 559 1624 devortor
583 1571 819 1646 extraportam
843 1560 907 1626 huc
930 1561 967 1626 in
981 1562 1151 1629 tabernam

991 1680 1146 1757 tertiam,

261 1790 304 1841 61.
319 1789 368 1856 pol
384 1794 410 1838 te
427 1788 520 1839 eires!
536 1789 632 1856 meeis.

176 1929 327 1990 tuendum
354 1930 446 1991 Truc.
476 1929 513 2003 2,
547 1931 581 2002 7,
605 1929 660 2002 35,
685 1929 770 2010 quod
789 1930 886 2010 magis
904 1932 1007 2012 palam
1028 1934 1101 2009 fiet,
1127 1934 1152 1996 si

176 2038 475 2113 conserasliud.1,
500 2038 533 2112 6,
557 2038 587 2098 8.

219 2151 269 2212 Vs.
300 2147 349 2211 59.
379 2167 420 2206 sta
448 2146 526 2226 quid
553 2146 682 2229 Harpen
690 2149 830 2228 seceris:
862 2148 945 2209 nihil
964 2151 1148 2213 mutandum

174 2278 296 2322 censeo.
346 2256 384 2316 Et
411 2254 465 2314 hic
486 2253 580 2315 unice
600 2273 709 2314 verum
729 2254 859 2316 sensisse
878 2255 1006 2317 ridetur
1026 2257 1150 2320 Lambi-

173 2387 250 2439 nus,
285 2364 330 2426 sic
358 2371 502 2423 vertens:
532 2382 574 2422 ne
599 2362 677 2441 quid
697 2362 816 2423 nomini
837 2373 1081 2427 consentaneum
1100 2368 1148 2429 ie-

176 2476 271 2549 ceris,
311 2472 334 2533 i.
365 2490 393 2532 e.
423 2471 575 2552 rapueris.
626 2471 753 2533 Frustra
782 2472 881 2546 ScaL,
912 2472 998 2534 Lect.
1027 2474 1103 2537 Aua.
1125 2477 1150 2538 Ι.

175 2584 232 2659 19,
263 2582 382 2663 herpes
401 2578 583 2641 adverbium
603 2579 699 2655 dicit,
731 2582 865 2643 averbo
886 2581 1036 2665 darpaqo,
1066 2585 1148 2647 sieut

170 2712 234 2775 psa
254 2689 433 2768 interjectio
452 2707 584 2770 apage,
616 2696 669 2748 tax
689 2708 708 2749 a
728 2698 814 2769 tayo,
847 2699 948 2771 tanqu.

214 2800 264 2859 Vs.
295 2799 344 2858 60.
374 2796 475 2856 hostes
505 2796 592 2855 vivos
620 2817 730 2880 rapere
758 2797 857 2858 soleo:
893 2819 958 2860 mos
988 2800 1057 2865 scil,
1080 2812 1150 2865 erat

173 2906 255 2989 apud
279 2904 406 2986 pristini
428 2905 497 2966 aevi
523 2905 680 2980 homines,
712 2906 818 2967 hostes
846 2911 933 2968 vivos
951 2928 1079 2990 rapere,
1111 2921 1149 2972 ut

174 3036 277 3078 servos
298 3015 451 3088 facerent,
482 3013 652 3094 amicisque
669 3015 801 3075 mortuis
818 3025 1036 3095 parentarent,
1057 3017 1151 3079 sicuti

173 3122 480 3195 AchillesPatroclc‚
503 3121 640 3182 Aenaeas
650 3122 801 3197 Pallanti,
821 3122 906 3203 Virg.
927 3122 1059 3199 Aonii,
1071 3126 1148 3187 510:

214 3233 360 3293 Viventis
380 3232 480 3314 rapit,
513 3231 650 3310 inferias
670 3251 742 3312 quos
761 3232 897 3291 isnmolet
915 3231 1056 3294 umbria:

173 3341 219 3404 Cf.
238 3341 325 3422 Epid.
345 3342 374 3400 2.
394 3340 424 3402 2.
446 3340 513 3400 115.
541 3348 646 3422 raptor
664 3340 807 3402 hostium.

213 3450 264 3510 Vs.
291 3451 339 3510 61.
361 3449 416 3532 pol
430 3459 459 3509 te
477 3449 572 3527 anulio
589 3451 703 3530 magis,
736 3459 796 3511 ete.
835 3450 1034 3512 Verissimum
1052 3460 1147 3533 puto,

174 3557 259 3637 quod
285 3557 405 3638 Lipsius
432 3577 470 3618 ex
496 3557 563 3619 Mss.
591 3558 748 3621 Vaticanis
774 3558 878 3621 dedit:
905 3561 960 3642 pol
984 3569 1019 3620 tu
1036 3560 1150 3622 visast

174 3667 272 3747 maqis
290 3667 415 3748 opiner,
438 3676 518 3742 ete,
540 3667 692 3749 aquibus
707 3688 817 3749 parum
837 3669 958 3730 recedit
980 3668 1033 3730 Cd.
1050 3668 1146 3731 Acad.

213 3774 264 3835 Vs.
295 3775 343 3836 63.
373 3777 527 3850 devortor,
566 3776 644 3857 quid
671 3776 727 3852 sit,
756 3777 896 3859 quidque
923 3775 1048 3839 differat
1065 3776 1149 3837 inter

173 3886 314 3945 mernor
347 3892 379 3944 et
412 3884 571 3959 divertar,
620 3886 693 3946 vida
719 3887 801 3966 apud
828 3886 985 3949 Drakenb.
1014 3885 1055 3947 ad
1081 3885 1145 3946 niv.

173 3993 274 4055 XLIV.
298 3993 347 4054 tt.
