2716 5152
644 417 700 494 ee

249 663 341 743 Quoi
361 681 471 750 neque
490 669 607 748 parata
628 670 726 748 gutte
746 663 833 727 oerti
854 665 1019 749 aemilii,

210 782 243 847 5.
255 777 375 866 Neque
385 776 468 842 adeo
479 775 746 863 argentizneque
755 778 933 866 nunequid
941 782 1065 851 faeiem
1075 790 1159 867 roim

251 891 371 982 Neque
383 891 536 960 exordiri
546 891 715 976 primum,
739 890 827 958 unde
836 897 1011 982 oeeipiae,
1030 899 1133 969 habes
1147 949 1158 983 ,

249 1006 369 1098 Neque
393 1008 434 1072 ad
458 1005 683 1072 detexundam
706 1004 807 1072 telam
828 1023 940 1077 oertoa
963 1017 1137 1083 terminos.
1187 1087 1189 1093 ,

254 1122 322 1190 Sed
346 1122 444 1210 quaai
465 1127 564 1207 potita
585 1118 717 1186 tabulas
740 1142 817 1187 oum
837 1127 929 1211 oepit
950 1126 1046 1206 sibi,

191 1307 194 1312 ,
252 1235 489 1324 Quaeritquod
501 1255 665 1323 nusquam
677 1237 1030 1327 estgeutium,reperit
1040 1254 1162 1325 tamen,

186 1353 352 1421 torneie
373 1351 461 1417 illud
482 1349 697 1432 verisimile,
721 1349 809 1438 quod
830 1354 1041 1423 mendacium
1062 1372 1135 1426 eet}

249 1466 348 1536 Nune
370 1487 433 1555 ego
453 1472 551 1553 poeta
571 1464 673 1534 fiamt
697 1466 825 1552 viginti
845 1469 980 1549 minae,

250 1583 346 1661 Quae
358 1602 522 1671 nusquam
537 1592 717 1649 uunoaunt
728 1582 906 1668 gentium,
928 1586 1099 1654 inveniam
1111 1599 1161 1654 ta.

1071 1723 1162 1771 men.

249 1816 364 1905 Atque
375 1837 438 1903 ego
448 1813 530 1881 huie
536 1816 609 1900 jam
618 1809 750 1900 pridem
761 1832 816 1899 me
826 1812 980 1880 daturum
991 1816 1159 1890 dixeram:

252 1932 299 1998 At
320 1928 415 1996 volui
439 1929 585 2015 injicere
606 1924 771 2013 tragulam
790 1927 828 1992 in
849 1941 1002 1995 nostrum
1024 1953 1160 2003 renem:

187 2044 384 2114 150Verum
400 2045 457 2122 ia,
479 2041 596 2107 neseio
609 2052 805 2127 quoquae,
825 2043 1136 2130 praeaemitpriur.

275 2219 302 2269 6.
321 2213 428 2268 lrabeat.
461 2212 488 2268 7.
505 2213 689 2264 deterendum.
722 2213 750 2264 8.
768 2208 878 2264 tobalea
892 2219 1033 2283 conceptae
1047 2233 1072 2270 a.

188 2369 245 2431 ubi
261 2368 335 2430 ride
351 2368 465 2430 Peneus
480 2366 516 2427 in
531 2365 623 2428 Anal.
641 2363 705 2426 Alii
721 2363 824 2429 minus
839 2375 943 2442 reete,
963 2377 1001 2430 ut
1012 2368 1158 2446 ridetur,

191 2477 410 2558 distinguunt:
807 2483 969 2556 poatqrtum
987 2476 1081 2538 herili
1092 2478 1164 2561 filio

231 2587 395 2666 Larymna,
426 2582 519 2645 dictio
536 2581 693 2666 dapsilis?
1088 2647 1089 2650 ,

231 2693 282 2754 Vs.
304 2694 334 2756 6.
355 2692 510 2766 exordiri,
538 2691 669 2752 verbum
685 2690 848 2772 proprium
863 2693 925 2754 arti
942 2694 1087 2757 texendi:
1108 2697 1159 2759 eff.

190 2801 355 2865 (trenta.
365 2821 392 2862 a.
403 2800 466 2863 h.1.
475 2788 1163 2880 anraotelopasaivehabesBaceh.2,3,116.

232 2911 283 2972 Vs.
313 2910 360 2971 13.
381 2920 473 2991 atque
496 2909 657 2970 interdum
672 2908 695 2972 i.
712 2929 744 2987 q.
762 2910 810 2970 ito
824 2919 877 2984 ot,
907 2912 1020 2974 aienti:
1046 2913 1162 2977 Bacch.

175 3021 221 3082 ·3.
247 3020 276 3080 6.
305 3019 355 3079 20.
381 3050 423 3064 —
447 3021 513 3100 jam
534 3017 658 3100 pridem
683 3017 837 3093 dixeram,
871 3017 966 3081 etiem
994 3028 1165 3102 antequam

143 3112 146 3117 ’
190 3127 378 3200 resciverat,
407 3124 611 3195 Phoenicium
634 3124 794 3188 venditum
819 3143 902 3200 esee,
929 3134 1026 3207 atque
1041 3127 1160 3192 abdue·

192 3242 260 3294 tum
285 3235 338 3296 iri.
489 3234 491 3241 ’

234 3341 285 3402 Vs.
317 3342 365 3404 lt.
394 3353 448 3403 ot:
483 3340 677 3406 adversativa
697 3342 758 3404 hae
773 3343 931 3424 particula
944 3326 1114 3406 Pseudolus
1128 3344 1163 3406 iu

194 3447 356 3528 arguenda
382 3449 577 3531 negligentia
600 3470 656 3513 sua
680 3470 714 3512 ee
736 3451 803 3531 ipse
829 3450 1026 3533 interpellat,
1056 3460 1095 3513 ut
1106 3471 1163 3514 ex-

193 3557 388 3619 cusationem
405 3559 563 3640 proferat:
593 3556 675 3620 idem
691 3567 755 3633 eat,
782 3577 820 3620 ue
837 3558 865 3620 ri
880 3567 1037 3638 rogasset:
1059 3579 1165 3622 nonne

194 3672 301 3740 autern
324 3667 359 3726 in
383 3687 488 3731 senem
514 3668 646 3748 injicere
665 3645 819 3747 tragulam
835 3663 948 3727 volui?
977 3666 1092 3729 Verum
1108 3668 1166 3728 ille

194 3775 379 3853 praesensit.
403 3809 446 3823 -
469 3778 606 3859 injicere
632 3775 796 3857 troqulem.
847 3773 929 3851 Quid
954 3775 997 3837 ait
1022 3777 1163 3858 trequlo,

197 3878 277 3958 quid
300 3880 452 3962 troqulam
474 3885 628 3965 iniieere,
655 3884 778 3966 eopiosa
804 3882 896 3947 docet
913 3884 1049 3949 Gronov.
1065 3885 1167 3950 Laett.

198 3985 298 4051 Plaut.
317 4009 350 4070 p.
370 3990 437 4054 105.
