2670 5146
136 422 375 492 ¹nv¹
670 422 757 437 ····

230 628 438 698 editionem,
471 642 493 685 a
516 614 604 682 ltoo.
628 612 803 698 Stephano
838 631 934 696 anno
960 617 1051 682 t536
1078 621 1206 690 Pario.

231 751 413 818 curatam,
448 752 545 821 quom
580 729 753 814 nocuoque
786 749 807 791 a
843 733 934 792 virio
957 730 1069 798 doctis
1093 740 1202 806 atton·

152 864 157 875 “
232 843 424 933 habitam,'
442 873 482 914 oc
500 866 613 933 poene
638 841 961 933 neglectomfuieee
991 848 1207 919 vehementer

232 979 367 1043 miram
403 966 491 1032 tanc
525 965 710 1035 nimirum,
745 964 784 1037 in
806 958 897 1023 Moe.
930 971 969 1025 et
991 966 1205 1052 reliquarum

233 1090 423 1155 editionum
448 1078 562 1145 turbio
587 1087 625 1141 et
635 1077 898 1160 discrepantia,
922 1084 1122 1161 ecepiceime
1136 1087 1206 1150 lec-

234 1208 360 1271 tionem
389 1197 557 1281 plnm'mie
585 1200 759 1274 acceptam
784 1196 878 1254 tueri
901 1200 1069 1274 coqnooi,
1114 1196 1209 1264 leand

235 1336 318 1381 roro
341 1330 470 1399 quoque
496 1307 603 1372 colam
624 1303 866 1383 exhibentem,
891 1308 982 1392 quod
993 1315 1205 1379 verissimum

236 1429 447 1499 uidebotnr;
487 1433 591 1509 atque
619 1426 673 1486 ita
697 1422 854 1507 quidem,
891 1433 932 1487 nt
953 1426 1068 1506 polam
1091 1441 1205 1510 ercet,

237 1568 306 1613 non
329 1568 349 1608 a
372 1539 549 1624 Stephano
572 1545 759 1615 novatum,
805 1536 867 1599 red
888 1558 906 1600 e
932 1538 1035 1604 tibris
1057 1549 1206 1628 scriptis

236 1682 310 1727 eree
338 1662 492 1743 petitum
526 1653 589 1737 (1).
643 1650 793 1735 Saepius
825 1656 990 1735 inprimie
1023 1663 1149 1722 cociam
1171 1637 1208 1725 re

237 1778 402 1862 adjunoit
429 1771 550 1837 Codici
572 1767 683 1832 Acad.
707 1766 820 1850 and.
843 1767 946 1845 But,
971 1791 1111 1854 quocum
1124 1777 1209 1853 sere

236 1893 444 1973 conrpirut,
469 1882 669 1969 ubicumque
691 1885 793 1947 eolue'
811 1885 876 1948 ille
899 1886 1043 1951 meliora
1059 1896 1207 1972 promit.

137 2054 141 2060 -
241 2007 360 2075 cona
393 2006 488 2079 iste,
523 1984 622 2084 cujus
657 1999 838 2064 tractandi
872 1998 1014 2086 benique
1047 2005 1208 2086 mihifa-

237 2125 355 2190 cultoo
390 2118 475 2183 docta
507 2125 586 2194 eet,
612 2114 733 2192 forma
766 2120 915 2180 munima
948 2139 1058 2183 omner
1081 2122 1212 2191 Plauti

228 2237 378 2320 fabulor
413 2232 685 2315 complectitur,
721 2238 868 2294 truncus
904 2240 1016 2294 tamen
1038 2233 1079 2295 ab
1102 2241 1210 2300 initio

198 2384 200 2390 ·
240 2361 278 2418 et
298 2355 337 2415 in
350 2348 455 2427 fine,
490 2345 530 2408 de
553 2364 618 2429 quo
632 2346 709 2426 jam
732 2347 770 2406 in
792 2342 912 2426 praef.
933 2345 1103 2410 editionis
1125 2371 1207 2414 cuae

240 2464 452 2532 Gronooinm
475 2461 611 2526 dinieee
635 2458 747 2523 uideo.
780 2458 924 2544 Reliqui
945 2459 1212 2531 stPlantiMee.

239 2587 279 2649 in
312 2575 534 2645 Bibliotheca
570 2573 614 2640 L.
649 2573 693 2640 Β.
726 2574 931 2655 adservati,
964 2599 1038 2642 cum
1066 2586 1211 2664 priores

232 2696 317 2777 fere
331 2692 481 2772 subulae
511 2688 704 2769 eunibent,
750 2695 789 2754 in
811 2690 1013 2756 adornando
1036 2694 1212 2763 Pseudolo

223 2810 327 2877 ,mihi
349 2812 430 2873 ueni
454 2827 522 2870 non
536 2806 707 2884 fuerunt.
1131 2790 1133 2795 ¹

284 2924 565 2992 Horum-autem
597 2931 763 2986 accurate
796 2919 1081 2999 conferendorum
1103 2929 1209 2996 eidem
1300 2987 1305 2994 .

229 3016 321 3116 *uiro
344 3040 460 3116 clam,
495 3041 648 3123 quumrie
668 3047 754 3123 poet
775 3041 920 3121 optimae
947 3038 1212 3110 Camerariunor

242 3159 304 3226 Iooe
331 3156 450 3236 focile
484 3158 523 3219 in
546 3154 694 3219 secundo
711 3158 834 3239 pretio
868 3176 940 3218 eece
963 3163 1210 3240 existimanti,

235 3296 304 3362 per
327 3271 596 3356 trepidationem
619 3292 660 3334 ac
684 3271 867 3350 tumultum
889 3281 1011 3357 coepto
1024 3278 1102 3357 jam
1127 3296 1206 3360 ope-

240 3412 304 3468 re,
323 3388 440 3473 prelio
462 3391 539 3451 circe
560 3391 818 3452 intermissione
840 3389 1075 3467 moventibus,
1101 3396 1209 3457 otium

240 3504 384 3586 defuit,
419 3505 473 3566 ita
506 3511 549 3569 ut
581 3502 662 3567 inde
696 3525 716 3566 a
740 3502 964 3579 Mercatore,
1000 3507 1126 3589 inquo
1151 3507 1207 3571 ‹ie-

274 3811 312 3879 (1)
334 3815 449 3862 Fortasse
472 3827 502 3860 ex
525 3813 700 3877 antiquieoimo
718 3815 761 3864 illo
779 3814 823 3878 qui
841 3811 943 3862 Porieiie
959 3810 1105 3860 edeervotur
1122 3812 1212 3877 eujus·

237 3924 288 3975 que
312 3907 406 3957 auxilio
431 3906 458 3955 in
475 3907 618 3974 adpetenda
635 3910 719 3959 Plauti
736 3910 847 3961 editione
865 3908 903 3957 uti
921 3923 972 3957 non
989 3905 1107 3966 licuieoe,
1135 3905 1212 3955 vehe-

237 4002 426 4060 manutenet
444 4003 549 4055 nothiu·
566 4004 649 4057 Praei.
669 4023 694 4072 p.
718 4008 757 4057 11.
775 4033 805 4044 -
861 4040 864 4045 ,
