2670 5146
652 417 729 494 128

202 668 356 737 lavoro
379 678 415 731 tu
426 665 518 752 prior
530 676 567 729 ut
588 685 730 751 occupes
743 664 849 729 adire.
884 686 928 731 sr.
954 665 1049 743 Quid
1058 688 1183 760 prope·

909 783 1001 877 *raet
1024 785 1175 871 placide:

261 900 314 967 Ne
326 902 421 965 time:
433 900 484 963 itu
494 895 557 962 ille
567 896 659 962 faxit
670 895 692 962 J
695 897 827 984 uppiter
841 942 851 976 ,
864 910 902 963 ut
913 896 976 965 ille
987 899 1100 987 palam
1110 904 1178 969 ibi.

965 1014 1176 1085 demassiet.

264 1130 431 1217 Quisquis
457 1126 521 1193 ille
535 1142 587 1196 est
601 1174 612 1207 ,
637 1128 695 1215 qui
708 1129 803 1195 adest
816 1129 981 1208 similite,
1005 1154 1174 1221 nunquam

774 1243 893 1331 edepol
906 1247 972 1310 erit
984 1246 1047 1312 ille
1060 1251 1173 1336 potior

258 1361 412 1447 Harpax,
426 1381 525 1447 quem
535 1381 609 1446 ego.
621 1356 721 1424 Habe
727 1359 873 1424 animum
884 1358 1019 1426 bonums
1030 1361 1172 1448 pulchre

523 1496 584 1560 ego
597 1473 681 1539 hano
695 1471 898 1559 explicatam
910 1473 975 1538 tibi
988 1497 1060 1540 rem
1073 1475 1168 1544 dubo:

259 1593 317 1658 Sio
342 1613 403 1678 ego
424 1589 522 1654 illum
545 1587 633 1654 dolis
656 1601 755 1676 atque
767 1588 952 1654 mendaciis
964 1589 1001 1654 in
1016 1591 1169 1657 timorem

1087 1707 1167 1773 dabo

193 1831 248 1890 20.
261 1806 447 1890 Militarem
460 1821 620 1885 advenam
633 1798 653 1900 ,‘
667 1822 742 1906 ipse
755 1843 831 1886 seso
843 1834 880 1886 ut
891 1834 992 1908 neget
1004 1844 1080 1889 eum
1092 1846 1166 1889 esse

1004 1939 1064 2023 qui
1076 1937 1161 2021 iet,

257 2055 382 2143 Meque
395 2068 432 2119 ut
445 2075 522 2119 esse
534 2065 706 2132 autumet,
733 2054 795 2141 qui
817 2056 913 2139 ipsus
932 2070 997 2121 est.
1021 2079 1073 2123 rs.
1101 2057 1164 2134 Qui

719 2181 831 2254 potest
843 2169 856 2232 i
881 2191 924 2235 sr.
938 2170 1080 2239 Occidis
1090 2196 1161 2255 me,

199 2345 203 2353 .
254 2285 596 2370 Cumistuorogitss.
632 2305 683 2348 rs.
709 2280 1107 2372 Ohominemslepidum!
1133 2304 1162 2356 te

817 2423 948 2488 quoque
960 2405 1063 2470 etiam
1075 2404 1159 2470 dolis

42 2572 56 2599 ,
184 2569 186 2573 .
253 2518 368 2604 Atque
391 2517 493 2580 etiam
516 2515 702 2580 mendaciis
725 2515 882 2602 Iuppiter
893 2529 927 2582 te
937 2519 1024 2585 mihi
1036 2535 1158 2589 servet.

256 2691 297 2740 15.
316 2691 383 2755 quin
395 2704 537 2754 proporat.
563 2704 614 2740 stu.
632 2706 661 2755 p.
696 2689 739 2740 21.
758 2705 807 2739 neo
825 2697 856 2739 ut
874 2707 937 2742 esse.

184 2845 261 2905 dicit
289 2842 416 2904 Ruhnk.
447 2841 485 2901 ad
514 2843 584 2902 Ter.
613 2841 691 2902 And.
720 2843 757 2915 d,
790 2844 825 2914 lt,
855 2843 911 2905 148.
943 2845 1155 2922 οῑιηῐέμφάσει

183 2952 396 3034 loquentium,
438 2961 470 3010 et
498 2951 603 3030 magni
632 2951 711 3031 quid
746 2951 911 3011 ostendero
940 2951 1154 3031 cupientium:

185 3061 226 3122 os.
247 3060 406 3122 Drakenb.
429 3059 468 3120 ad
488 3058 554 3120 Liv.
578 3059 620 3120 II.
643 3060 671 3120 6.
695 3062 723 3120 7.

224 3171 274 3231 Vs.
296 3170 345 3230 23.
368 3189 384 3227 o
405 3169 560 3228 hominem
582 3163 732 3250 lepidum,
765 3179 825 3230 eto.
868 3170 1008 3230 Arduum
1029 3177 1077 3230 est
1097 3170 1154 3232 hos

184 3299 291 3339 versus
311 3277 475 3358 expedire,
506 3275 591 3357 quod
610 3277 768 3351 Acidalio,
798 3277 865 3336 Div.
887 3277 920 3336 in
941 3275 1101 3338 Pseud-o.
1125 3279 1154 3339 6.

181 3409 245 3449 non
265 3407 411 3469 prospere
431 3387 533 3447 cessit.
576 3385 639 3447 Hoo
658 3385 765 3447 dicore
784 3385 910 3446 videtur
925 3385 1053 3446 Pseud:
1077 3386 1102 3447 0
1124 3395 1156 3446 te

173 3508 307 3575 'quoque
334 3494 473 3576 lepidum
501 3494 580 3556 dolis
607 3503 640 3556 ot
659 3494 845 3556 mendaciis:
878 3495 1003 3576 Jupiter
1024 3503 1056 3554 te
1072 3494 1156 3556 mihi

181 3612 294 3663 servet.
337 3604 504 3665 Putaverat
523 3603 636 3665 Pseud.
666 3624 699 3664 se
719 3603 848 3664 unicum
868 3622 934 3664 esse
953 3602 987 3661 in
1006 3600 1056 3662 his
1074 3601 1157 3664 dolis

172 3708 381 3790 magistrum:
413 3713 547 3773 invenit¹
564 3731 680 3793 parem.
723 3711 777 3772 Sin
803 3726 878 3772 vero
906 3708 1155 3772 ex·auot0ritote

172 3815 257 3882 edit.
288 3819 394 3900 Steph.
424 3831 494 3903 post
514 3821 660 3904 Iuppiter
678 3819 816 3899 abjicere
835 3820 911 3881 licet
931 3818 1152 3892 te,·e1‘·sule-

179 3930 271 3990 hroso
290 3929 402 4010 planus
422 3928 457 3990 fit
477 3931 580 4004 loeus,
611 3939 644 3990 ot
661 3930 752 4009 joous
771 3925 806 4004 ἐξ
823 3927 1012 4001 ἄπροςδοκῆτου
1031 3925 1152 4004 prodit.

176 4039 344 4102 Pseudolus
363 4038 452 4101 soil.
471 4038 677 4120 sycophantae
697 4037 916 4118 gloriationem
936 4043 969 4095 et
988 4031 1152 4096 fastidium
