2670 5146
644 353 721 431 115

191 594 515 685 ‘5.Multiloquum,
540 594 746 684 gloriosum,
769 575 1166 681 insalsnm‚lnuti10m2

251 712 344 790 Quin
364 713 405 778 ob
428 732 499 778 eam
519 732 590 808 ram
602 710 712 779 Orcus
735 715 888 802 recipere
900 715 989 786 hune
1002 719 1044 787 ad
1057 745 1166 792 sene-

657 829 660 835 *
1022 866 1025 871 ·
1053 875 1055 879 ·
1072 835 1166 920 luit,

244 947 293 1016 Ut
314 959 407 1013 esset
429 945 510 1024 hic,
534 947 596 1033 qui
616 942 760 1011 mortuis
783 966 918 1014 coenam
944 966 1090 1040 coquat:

248 1061 335 1129 Nam
345 1062 403 1126 hic
419 1057 512 1125 solus
529 1057 603 1125 illis
616 1081 774 1148 coquere,
785 1060 874 1149 qued
884 1061 1028 1150 placeat,
1039 1051 1169 1154 potest.

247 1199 302 1245 cc.
327 1178 368 1243 Si
379 1187 431 1243 me
444 1174 653 1241 arbitrabare
666 1178 735 1241 isto
746 1190 868 1263 pacto,
894 1191 933 1245 ut
943 1184 1143 1268 praedicas,
1275 1258 1276 1262 Ἰ

180 1303 235 1365 10.
249 1295 319 1362 Cur
342 1289 575 1359 conducebas‘l
598 1312 654 1358 ns.
681 1291 823 1381 lncpiat
847 1292 1027 1365 aliusnon
1050 1315 1135 1368 erat.

247 1411 315 1478 Sed
337 1432 396 1476 cur
418 1408 559 1475 sedebas
581 1410 620 1473 in
641 1408 740 1490 loro,
764 1411 797 1475 si
820 1433 895 1477 eras
917 1434 1064 1502 coquus,
1088 1433 1100 1443 ‘⁴

247 1528 301 1594 Tu
323 1525 416 1592 solus
437 1538 573 1612 praeter
596 1523 711 1590 aliosi
743 1543 800 1591 cc.
823 1528 897 1615 Ego
920 1527 1030 1594 dicam
1054 1529 1140 1599 tibi,

264 1731 304 1780 12.
325 1737 345 1782 t.
363 1745 386 1781 a.
402 1733 467 1794 post
482 1727 520 1778 ei
537 1742 576 1778 ce.
596 1742 620 1778 e.
639 1725 700 1776 dico
717 1726 780 1778 tibi.

214 1898 266 1958 Vs.
296 1899 325 1958 5.
348 1893 580 1974 multiloquam,
613 1900 698 1953 etc:
727 1892 838 1973 supple
857 1895 970 1974 mcqa's.
1012 1895 1052 1955 Iu
1070 1916 1158 1959 ceru-

175 2003 391 2087 parationibus
419 2020 511 2082 saepe
539 2001 585 2061 sic
614 1999 775 2061 emittitur
803 2000 962 2081 particula
989 2002 1089 2083 maqie
1109 2005 1162 2065 rel

174 2116 294 2176 minus:
333 2111 421 2173 Most.
454 2109 488 2182 l,
520 2109 557 2184 3,
581 2108 621 2170 te
641 2106 837 2188 intelligitur
856 2109 984 2169 miuus.-
998 2109 1057 2170 ''cf.
1079 2109 1163 2174 Rud.

173 2226 208 2298 ι,
240 2224 276 2296 ι,
309 2224 367 2298 70;
398 2206 477 2280 nen.
499 2219 536 2292 5,
562 2219 597 2292 1,
620 2218 679 2292 ae;
710 2216 793 2298 irps.
815 2199 912 2297 Epist.
935 2219 1062 2294 Quaest.
1084 2217 1153 2282 uin.

177 2335 207 2395 b.
234 2331 289 2412 Ep.
311 2331 361 2392 23.
404 2327 515 2388 Potius
535 2345 663 2408 queque
683 2325 727 2388 sic
748 2344 984 2406 nonnumquam
1003 2325 1163 2390 desidera.
1285 2335 1286 2340 ¹

179 2451 249 2502 tur:
281 2439 322 2501 cl.
345 2437 412 2517 huj.
433 2437 496 2498 sab.
521 2436 549 2496 l.
571 2436 600 2496 3.
624 2436 654 2496 8.

218 2550 269 2610 Vs.
300 2550 329 2608 6.
365 2547 464 2608 Orcus
493 2545 630 2627 recipere
660 2542 783 2602 noluit:
814 2543 946 2604 intt.'a.
976 2541 1009 2604 h.
1033 2543 1056 2604 l.
1078 2542 1157 2606 adde

178 2661 272 2721 Gran.
303 2656 336 2716 L.
367 2656 400 2716 P.
430 2673 462 2734 p.
492 2654 562 2715 258.
611 2651 726 2714 Eodem
745 2650 838 2712 modo
858 2651 1015 2727 Lucilius,
1048 2653 1165 2717 citatus

178 2768 289 2829 Donat.
311 2763 350 2825 ad
371 2764 441 2825 Ter.
463 2761 588 2822 Phorm.
610 2761 640 2822 2.
662 2761 695 2822 3.
716 2760 771 2835 26,
804 2781 912 2821 career
929 2760 1001 2842 (pre
1020 2741 1166 2823 carcera-

179 2875 258 2955 rio),
280 2874 336 2933 cic
356 2890 480 2931 carcere
501 2869 627 2950 diqnus.

219 2983 271 3043 Vs.
294 2984 323 3043 7.
354 2981 409 3061 qui
437 2980 567 3039 mortuis
595 2999 722 3040 coenam
744 2974 862 3060 coquat.
905 2981 1023 3063 Objicit
1041 3002 1163 3065 coquo,

181 3112 247 3154 esse
267 3091 359 3151 illum
378 3088 534 3149 bustuarii
554 3088 687 3165 ordinis,
714 3089 852 3152 culinam
867 3091 1053 3153 mortualcm
1072 3111 1164 3172 agre·

182 3198 234 3280 gie
264 3198 449 3271 callentem,
490 3206 522 3257 et
550 3216 626 3277 prae
646 3197 761 3259 ceteris
785 3197 934 3259 idoneum
954 3196 994 3259 ad
1013 3198 1166 3279 parandas

184 3308 317 3369 struices
347 3307 418 3368 illas
445 3305 593 3380 escarius,
633 3327 715 3388 quae
742 3325 826 3368 noue
854 3313 925 3387 post
951 3315 1086 3367 mertem
1111 3306 1165 3368 dic

182 3415 340 3477 defunctis
354 3415 611 3496 apponebantur,
635 3414 750 3492 quibus
759 3414 961 3496 quantumvis
969 3413 1106 3478 insulsae
1115 3422 1166 3478 ut-

184 3545 247 3606 que
265 3525 410 3587 insuaves
430 3524 598 3605 displicere
617 3544 682 3586 nou
701 3532 869 3606 poterant3
899 3522 994 3604 gulae
1013 3542 1089 3585 vero
1107 3523 1165 3585 de·
1262 3601 1264 3604 Α

182 3629 296 3694 licatae
318 3640 415 3712 atqua
436 3631 593 3714 ingenuae
612 3631 855 3715 haudquaquam
875 3631 968 3694 illum
987 3630 1168 3696 satisfacere
1249 3622 1251 3627 ’

186 3761 275 3822 posse
298 3742 473 3822 significat:
493 3741 534 3803 cf.
557 3743 647 3804 Grut.
668 3742 709 3805 ad
727 3741 798 3804 Aul.
820 3742 851 3804 2.
872 3742 903 3804 l.
925 3743 979 3817 t5,
1003 3742 1167 3824 ubiimpc·

185 3849 265 3911 ritus
294 3870 414 3932 coquus
442 3871 480 3913 cx
500 3850 607 3916 eedem
627 3852 688 3917 isto
707 3870 823 3916 coenae
843 3851 952 3918 feralis
971 3871 1060 3917 more
1074 3847 1166 3937 'aun-7

188 3957 307 4020 diaulia
328 3958 425 4022 audit.
444 4019 446 4023 ,
