2670 5146
643 385 698 459 59

222 646 295 692 ca.
314 626 396 691 Fur.
418 644 476 691 nt·
498 621 622 688 Babae.
644 642 697 690 rs·
711 623 885 711 Fugitivo.
908 646 964 692 en.
981 624 1148 694 Bombax.

503 759 560 805 cu.
581 737 687 804 Fraus
698 738 830 825 populi.
853 762 910 807 na.
923 739 1149 811 Planisiume.

260 880 311 923 rs.
333 853 571 922 Fraudulente.
594 853 900 940 cmlmpureleno.
922 877 975 923 re.
988 855 1148 924 Coenum.
1248 853 1250 863 '

739 950 797 1037 nr.
824 970 985 1038 Centoras
1005 972 1152 1061 probos!

183 1141 185 1144 Α
265 1107 320 1153 cu.
345 1084 582 1152 verberavieti
593 1096 832 1174 petieruntque
842 1098 994 1152 matrem.
1017 1110 1074 1155 na.
1092 1089 1155 1156 At·
1207 1089 1209 1094 ’

799 1223 865 1291 que
876 1203 987 1268 occidi
998 1226 1129 1292 quoque
1142 1254 1153 1288 ‚

174 1370 181 1383 f
263 1317 390 1383 Potine*
406 1335 505 1404 quern
524 1315 638 1381 eibum
647 1315 902 1404 praehiberem:
927 1336 1004 1385 num
1016 1324 1156 1407 peccavi

956 1437 1154 1522 quippiam?

179 1549 254 1618 1³5.
265 1568 317 1617 as.
339 1547 380 1615 In
399 1561 573 1636 pertusum
595 1549 781 1637 ingerimus
794 1549 885 1617 dicta
899 1548 1049 1620 dolium:
1073 1574 1152 1640 apc-

911 1662 1153 1733 remludimus.
1263 1760 1266 1765 γ

262 1799 317 1847 rm.
340 1776 504 1867 Nunquid
519 1778 623 1848 elium
633 1784 735 1849 etium
745 1779 850 1850 voltis
864 1782 1004 1849 diceret
1019 1805 1074 1850 cn.
1087 1784 1153 1850 Ec·

880 1898 962 1985 quid
975 1911 1007 1964 te
1018 1896 1123 1987 pudet
1136 1898 1150 1963 i

264 2085 323 2137 131.
343 2086 470 2152 sanda.
490 2084 543 2137 aii.
580 2085 637 2137 136.
656 2085 737 2136 aliud
753 2087 839 2139 cattia
855 2089 884 2140 d.
974 2051 978 2060 υ

178 2239 299 2318 saepius
323 2237 364 2297 de
380 2236 523 2319 improbo
540 2255 667 2317 queque
685 2247 780 2317 atque
797 2238 927 2321 perjuro
943 2248 1152 2320 usurpantur,

176 2346 354 2424 antiquitus
370 2345 498 2428 proprie
515 2346 685 2409 audiebant
703 2347 771 2421 illi,
791 2347 848 2425 qui
864 2346 1091 2428 mancipiorum
1107 2346 1154 2408 le·

177 2455 287 2533 gibus,
316 2454 339 2516 i.
358 2474 386 2516 e.
405 2455 639 2517 conditionibus
658 2456 801 2518 fraudem
818 2456 970 2518 fecerant.

218 2562 270 2624 Va.
300 2563 367 2624 136.
394 2565 548 2642 numquid
571 2564 677 2626 aliam.
720 2564 759 2624 In
776 2564 847 2627 aliis
864 2542 955 2626 libris
973 2563 1041 2625 diss.
1061 2567 1153 2625 narn}

178 2671 256 2748 quid
276 2670 381 2744 alind,
417 2670 504 2749 quod
530 2680 676 2752 receptae
693 2681 797 2733 tamen
814 2673 1063 2755 postponendum
1080 2692 1156 2734 cen-

179 2799 246 2854 sae,
291 2780 409 2859 quippe
439 2798 520 2859 quae
536 2830 539 2838 ,
556 2781 657 2842 multo
682 2781 919 2859 exquisitionem
945 2792 978 2843 et
1004 2782 1157 2863 aptiorem

182 2887 311 2968 praebet
333 2888 539 2950 sententium:
569 2907 676 2950 aeneus
701 2898 765 2950 est:
794 2910 870 2950 num
884 2890 982 2952 alium
997 2909 1048 2948 me
1063 2888 1159 2950 etiam

182 2995 286 3056 faeere
311 2993 432 3056 vultis?
466 2997 517 3056 vel
536 2999 583 3058 ex
609 2997 738 3059 Taubm.
764 2998 904 3079 interpr:
932 3017 1009 3057 num
1030 3005 1157 3077 praeter

184 3104 384 3184 cognomina,
418 3105 601 3183 quaemihi
626 3106 758 3181 fecistis,
789 3108 885 3168 etiam
910 3104 998 3167 aliud
1015 3104 1094 3164 mihi
1110 3103 1157 3165 fa·
1232 3155 1233 3160 ,

185 3231 257 3274 cere
282 3211 406 3274 uultiei'
453 3213 611 3294 Numquid
641 3235 700 3296 pro
725 3235 802 3275 aum
824 3212 1010 3295 saepissime.
1051 3211 1158 3272 Alium

183 3322 287 3382 dicere
311 3321 378 3383 sere
398 3332 460 3397 est,
490 3322 575 3401 quod
600 3323 686 3385 Trin.
716 3325 750 3398 l,
784 3323 818 3398 2,
852 3321 910 3383 121
935 3319 1107 3401 expressit:

687 3431 790 3492 certia
808 3431 919 3512 petreia
943 3449 1035 3508 qaam
1058 3429 1121 3490 cito

227 3538 333 3599 Alium
351 3542 464 3620 saciati
479 3547 549 3601 me!
574 3541 656 3601 elima
674 3541 716 3601 ad
735 3551 764 3600 te
784 3559 943 3600 venerem.

189 3649 279 3710 Pocn.
294 3670 297 3677 ’
312 3650 393 3712 Prel.
428 3650 495 3712 127.
523 3650 606 3711 aliua
628 3670 713 3711 autre
732 3649 809 3731 fieri
829 3647 896 3709 colo
920 3647 1001 3710 dicit
1022 3647 1152 3722 histrio,

191 3757 245 3834 qui
277 3757 340 3820 alia
371 3778 503 3841 persona
533 3760 568 3820 in
599 3779 723 3821 scenam
745 3757 872 3841 prodire
895 3757 974 3820 vult.
1017 3757 1161 3819 Ceterum

190 3866 340 3947 namquid
358 3868 449 3928 aliud
466 3868 586 3951 duplici
606 3867 698 3929 modu
718 3867 870 3950 explicari
889 3876 1012 3950 petest3
1044 3867 1096 3927 vel
1112 3875 1160 3926 cet

191 3991 264 4053 pro:
304 3976 457 4057 numquid
486 3977 572 4039 uliud
602 3978 778 4042 convicium
796 3975 899 4042 etiam
918 3974 1016 4039 vultis
1035 3975 1154 4046 dicere,
