2670 5146
619 411 693 485 157

241 676 295 721 nu.
309 645 422 722 Herus
435 653 536 719 tunsi
560 671 619 718 nt.
633 652 687 717 Ite
699 650 787 715 dico.
802 670 857 717 os.
871 650 1000 718 Milesi
1023 674 1081 720 us.
1095 655 1148 720 Ite

677 765 808 855 loquor'.
831 787 887 831 ns.
902 766 1148 836 Macedonico?

221 911 281 954 ns.
305 886 513 964 Admodum,
526 887 673 971 inquom.
697 903 753 948 ni.
766 881 815 949 'l‘o
827 883 868 947 ed
879 904 932 958 me
942 884 1038 948 misit
1049 883 1150 970 Poly·

802 991 1150 1085 machaeroplecidesi

176 1125 302 1195 bons.
327 1118 420 1184 Vero
444 1136 620 1183 memoras.
641 1135 701 1178 ou.
724 1113 799 1181 Hoc
816 1126 991 1200 argentum
1013 1128 1051 1179 ut
1061 1116 1147 1180 mihi
1212 1103 1215 1108 ’

542 1245 544 1247 ’
648 1228 777 1294 doresi·
788 1249 847 1294 un.
862 1228 902 1294 Si
915 1241 951 1293 tu
964 1230 1098 1317 quideni
1111 1252 1147 1296 cs

236 1348 330 1413 Leno
343 1344 467 1412 Ballio.
503 1366 559 1411 nn.
583 1344 697 1431 Atque
714 1356 782 1408 ute
792 1365 846 1410 me
857 1341 1033 1409 mulierem
1044 1344 1147 1410 ebdu-

855 1457 976 1524 teresi
999 1482 1057 1525 uu.
1081 1458 1146 1524 Ito.

240 1598 296 1641 ns.
321 1573 807 1642 Phoeniciomneessediniti
830 1594 890 1639 ns.
915 1572 1149 1639 Rectememi-

837 1689 934 1754 nisti.
958 1710 1014 1755 nu.
1028 1687 1147 1756 Mene:

239 1806 315 1874 Jo‘m
331 1806 437 1873 rredeo
460 1804 560 1870 odte.
591 1802 1053 1890 m.Atmotumtepropcm:
1077 1826 1152 1871 nem

842 1940 1003 2005 propero:
1026 1920 1124 1985 vides
1138 1967 1148 2000 ‚

240 2034 315 2105 Jnm
327 2034 385 2100 die
396 2033 537 2099 multum
548 2041 715 2130 essesut.
728 2033 853 2099 Video.
877 2032 977 2098 Hono
988 2032 1150 2099 advocare

548 2143 551 2147 ’
948 2148 1147 2215 ctiamoolo.

244 2321 286 2374 57.
306 2322 495 2373 Phoenicium.
531 2322 573 2372 119.
586 2323 646 2388 jam
663 2321 727 2370 diei.

216 2496 266 2557 Vs.
295 2498 344 2557 ot.
370 2497 559 2570 ‘admodum
601 2494 806 2568 adsentientis
829 2495 969 2556 verbum.
1021 2497 1082 2556 Gic.
1113 2496 1151 2555 de

178 2606 251 2686 Leg.
279 2604 338 2664 III.
364 2605 402 2664 11
432 2604 527 2666 »Scis
545 2604 661 2678 solere,
692 2603 807 2677 irater,
828 2603 873 2664 'in
889 2603 1069 2684 hujusmodi
1081 2625 1151 2665 ser-

176 2731 311 2784 umenti,
353 2721 390 2770 ut
420 2711 548 2773 transiri
575 2711 640 2773 olio
665 2712 777 2792 possit,
808 2712 872 2775 dici
892 2714 1066 2786 admodum,
1097 2722 1153 2775 eut

177 2850 187 2877 ι
201 2840 332 2902 prorsus
347 2821 394 2879 ita
412 2821 506 2880 een-'¹
529 2819 571 2882 ci.
593 2821 702 2883 Donat.
713 2822 751 2883 od
762 2824 887 2883 Terent.
898 2822 1021 2884 Phorm.
1038 2823 1067 2883 2.
1079 2822 1108 2883 2.
1122 2823 1149 2882 l.

218 2928 269 2987 Vs.
299 2928 347 2989 58.
378 2938 533 2988 nmtnrcte
553 2948 708 3011 propero:
737 2929 816 3007 quid
839 2928 962 2991 differat
984 2929 1070 2989 inter
1086 2950 1151 3011 tna-

179 3045 287 3094 turone
305 3044 337 3096 ot
350 3054 535 3117 properare,
555 3035 628 3096 ride
645 3036 729 3118 epod
746 3037 825 3098 Gell.
845 3039 881 3099 N.
901 3038 937 3098 A.
955 3039 991 3098 X.
1009 3037 1067 3114 ll;
1089 3036 1152 3098 iio·

177 3142 264 3203 orob.
285 3143 347 3204 Set.
367 3143 420 3204 vl.
439 3145 475 3221 83
507 3145 584 3205 Serv
602 3144 641 3207 ad
659 3146 744 3226 Virg.
764 3147 875 3227 Georg.
896 3146 922 3206 Ι.
942 3146 1011 3206 260.

218 3252 270 3312 Vs.
293 3252 342 3313 59.
358 3255 430 3334 jam
449 3254 499 3312 die
517 3253 647 3314 multum
665 3275 750 3330 csse:
780 3256 830 3315 die
848 3261 977 3332 entique
993 3272 1051 3334 pro
1068 3254 1148 3327 dici,

177 3360 272 3421 ctiam
297 3360 379 3441 apud
395 3361 520 3422 serioris
538 3362 648 3424 oetutis
666 3363 833 3443 scriptores
849 3362 933 3423 haud
951 3360 1149 3438 infrequens:

176 3469 320 3550 exempla
342 3469 414 3529 vide
442 3466 525 3552 opud
551 3470 630 3532 Geli.
659 3472 695 3532 N.
722 3473 758 3532 Α.
784 3471 835 3532 IX.
867 3472 919 3543 li,
961 3452 1091 3531 etintt.
1111 3470 1150 3531 ad

177 3575 288 3657 Amph.
317 3578 344 3637 l.
379 3579 405 3637 l.
439 3578 507 3640 119.
556 3578 688 3641 Multum
714 3581 785 3640 die:
820 3580 964 3640 usitatius
991 3588 1039 3640 est
1056 3579 1152 3639 multo

177 3685 245 3757 die,
279 3685 361 3746 sicut
378 3685 478 3748 multe
496 3698 597 3762 nocte,
630 3688 703 3760 Cist.
724 3689 751 3750 l.
774 3689 802 3750 3.
827 3689 874 3750 ll.
896 3698 928 3749 et
952 3689 1049 3750 mutto
1066 3689 1147 3762 lnce,

177 3788 274 3853 molto
301 3815 402 3857 mane.
430 3831 471 3843 -
500 3799 592 3858 Hunc
612 3799 760 3860 advocare
778 3800 875 3859 'etiam
894 3798 978 3858 eolo:
1006 3799 1084 3860 hoec
1101 3816 1149 3857 se·

179 3920 250 3962 cum
276 3904 348 3966 leno
373 3907 534 3968 mussitet:
576 3908 730 3970 Simonem
759 3908 837 3972 mihi
866 3908 1037 3973 adsciscere
1060 3906 1145 3976 volo,

176 4019 212 4071 ut
232 4013 329 4093 probe
348 4014 439 4076 illum
461 4016 658 4097 excipiemus.
