2670 5146
236 595 312 676 Quo
330 590 428 661 rnodo
437 589 585 679 quicque
593 605 745 673 egerem,
768 583 1155 679 ntimonienrriperern

892 700 1131 773 mulierculam
1144 754 1156 787 ,

171 834 225 899 1⁰·
238 825 315 899 lon
338 823 520 899 instituta,
541 829 660 885 ornata
680 828 800 883 cnncta
817 819 855 883 in
865 817 982 895 ordine
991 821 1112 887 animo
1120 836 1157 889 nt

958 930 1157 1017 volueram,

242 1054 367 1133 corta,
390 1049 574 1119 deformata
588 1045 773 1113 habebam:
797 1046 857 1112 aed
867 1049 1094 1135 proiectoiroc
1107 1052 1159 1118 eie

1075 1167 1158 1232 erit.

242 1283 387 1354 Centum
409 1277 544 1346 doctrina
565 1277 741 1343 hominnm
763 1274 1083 1345 coneiliaeolaheec
1098 1280 1159 1346 dc·

974 1392 1084 1459 vincit
1097 1395 1161 1461 dea

243 1516 404 1582 Fortuna.
425 1506 540 1594 Atque
552 1504 615 1572 hoc
633 1526 750 1571 verum
763 1518 838 1574 cat:
862 1506 1002 1592 proinde
1014 1519 1053 1572 nt
1065 1511 1160 1596 qnia·

803 1644 868 1708 qne
880 1622 1014 1687 fortuna
1026 1624 1138 1690 utitur
1149 1670 1160 1706 ,

247 1740 301 1807 Ita
320 1733 528 1826 praecellet,
552 1748 654 1822 etque
678 1734 804 1801 exinde
823 1758 940 1823 repere
952 1757 1027 1802 carn
1048 1759 1163 1807 omnen

1001 1851 1160 1922 dicimus.

270 2038 310 2091 10.
327 2039 351 2089 d.
369 2052 394 2090 o.
414 2033 497 2088 indeo
513 2040 546 2086 ot
561 2036 717 2104 importare.

182 2208 315 2290 steph,
352 2212 387 2267 et
425 2213 585 2266 annuente
617 2203 755 2278 Bothio,
792 2203 972 2285 plenissime
1005 2203 1162 2265 distinxi:

187 2337 259 2379 nam
286 2313 341 2376 hio
372 2331 481 2374 verane
516 2311 780 2392 praecedentibus
814 2321 862 2372 eat
892 2310 1062 2392 aptandae,
1103 2312 1162 2373 nri-

185 2424 269 2486 nime
291 2442 363 2484 cum
387 2420 592 2500 sequentibus
616 2419 864 2495 connectendas,
900 2419 1048 2501 qnoniam
1072 2440 1163 2501 pror·

185 2550 236 2594 ane
259 2530 383 2591 diversa
405 2536 593 2607 sequnntur.
631 2529 672 2590 Se
689 2528 856 2609 plorioeam
866 2531 994 2610 secere,
1023 2548 1083 2609 pro
1098 2529 1163 2611 plo·

186 2642 287 2719 riori,
316 2661 349 2702 te
360 2642 504 2722 jactare,
533 2647 570 2698 ut
588 2659 621 2698 oe
638 2659 802 2718 magnum,
822 2641 979 2720 ferocem,
1001 2640 1162 2719 facetam,

187 2751 386 2832 mopeifieom
396 2750 531 2829 secere:
557 2745 597 2808 de
615 2747 730 2827 quibus
747 2746 819 2807 vide
837 2747 931 2808 Gron.
951 2747 984 2808 L.
1006 2747 1039 2808 P.
1064 2768 1097 2828 p.
1113 2748 1166 2813 ⁰2.

227 2859 278 2921 Vr.
297 2860 346 2920 10.
365 2866 494 2931 ornato,
519 2875 578 2937 pro
594 2856 766 2930 instructa,
796 2864 922 2935 parata:
950 2855 992 2918 cs.
1012 2855 1107 2937 Lang.
1126 2854 1167 2921 ad

187 2966 264 3030 Sall.
289 2968 363 3048 Jng.
388 2965 439 3027 90.

228 3076 281 3140 Va.
310 3076 358 3139 ll.
381 3075 572 3156 deformato:
599 3076 622 3137 i.
648 3095 676 3137 e.
690 3073 877 3152 {delineata
910 3075 1081 3156 descripta,
1110 3075 1168 3137 de·

188 3185 329 3267 signam
370 3184 475 3247 eedem
497 3184 594 3247 habet
616 3183 758 3265 inprimis
785 3185 819 3245 in
837 3201 960 3246 morum
979 3191 1012 3244 et
1039 3182 1171 3245 habitae

190 3293 418 3376 descriptione,
450 3293 502 3353 vel
532 3292 789 3355 characterismo:
821 3292 863 3354 os.
883 3292 1011 3354 Ruhnk.
1032 3290 1073 3353 ad
1092 3292 1170 3355 Rue.

189 3402 267 3484 an.
289 3423 320 3484 p.
341 3402 393 3464 90.
421 3435 462 3448 -
489 3402 545 3463 red
568 3403 707 3486 profecto
726 3402 782 3463 boc
802 3403 848 3462 aio
867 3403 948 3462 erit:
978 3419 1171 3481 quamquam

190 3511 295 3574 omnia
326 3512 393 3590 jam
425 3521 516 3573 erant
541 3520 667 3592 parata,
706 3512 773 3573 eine
799 3511 895 3572 dnbio
923 3518 1027 3572 tamen
1052 3526 1172 3571 norum

191 3618 357 3680 consilinm
385 3638 513 3701 sequar,
552 3619 613 3682 hoc
640 3628 821 3701 praevortar
848 3618 1004 3701 principio
1024 3614 1081 3698 (ci.
1101 3616 1174 3699 huj.

191 3724 257 3789 iah.
286 3726 316 3788 2.
337 3729 367 3789 2.
389 3728 441 3809 8):
479 3729 542 3806 oio,
582 3738 620 3791 nt
651 3749 737 3792 nunc
764 3728 866 3791 animo
895 3725 1040 3809 concepi,
1080 3725 1173 3789 leno·

187 3852 260 3898 nem
279 3835 386 3917 puella
400 3837 642 3902 circumducam.

227 3942 279 4007 1ο.
301 3945 350 4010 lt.
371 3944 507 4010 caindo:
526 3946 621 4029 hnjna
642 3944 772 4011 roonlae
792 3945 918 4029 elegans
934 3962 1010 4006 naue
1027 3938 1172 4035 ertapnd
