2670 5146
450 352 472 393 ἱ

616 395 672 470 60

245 658 308 713 'nn
330 639 593 708 Todometorem
605 636 777 700 inventum
789 637 1031 721 concinentem,
1044 649 1149 731 qnasi

872 773 1000 818 oensem
1011 774 1147 826 nucem.

173 936 177 943 .
256 872 324 941 Sed
345 885 541 957 quemqnam
563 862 691 943 multo,
724 861 876 952 molaque
908 867 945 933 in
969 889 1024 937 me
1048 870 1142 939 dicto

873 981 1017 1050 dixistis
1029 987 1118 1053 mihi
1132 1036 1144 1072 ‚

256 1103 290 1171 N
291 1104 339 1169 ini
351 1098 439 1166 mihi
450 1095 604 1163 attulerit
613 1093 714 1162 miles
726 1096 873 1184 quinque
886 1143 899 1179 ‚
923 1121 1006 1187 queo
1019 1101 1122 1170 debet
1133 1150 1144 1184 ,

1008 1218 1145 1301 minen,

174 1342 251 1406 140.
263 1335 361 1402 Siout
378 1331 459 1396 hoec
477 1338 531 1395 est
545 1326 746 1414 proontitnta
757 1347 885 1394 numme
896 1342 1035 1416 argento
1044 1332 1147 1417 dieo,

258 1451 342 1518 siis
355 1469 420 1513 non
431 1445 559 1524 aderit,
572 1464 672 1530 posse
683 1445 801 1530 opinor
814 1444 926 1509 facere
939 1442 1085 1514 officinm
1095 1471 1145 1515 me

1020 1582 1143 1631 meum.

256 1701 311 1748 on.
337 1678 429 1756 Quid
440 1678 476 1755 id
489 1676 569 1744 esti
592 1694 649 1743 no.
673 1671 714 1738 Si
726 1686 762 1738 tn
774 1687 948 1760 argentum
960 1677 1141 1761 attuleris,

654 1812 729 1858 cnm
741 1789 803 1858 illo
813 1792 1019 1877 perdiderim
1029 1791 1142 1862 fidem.

255 1913 329 1979 Hoc
340 1930 450 1979 mcum
462 1906 690 1976 estofficinm:
705 1929 766 1994 ego
778 1952 790 1987 ,
803 1910 969 1997 operaolsi
980 1911 1029 1975 eit
1041 1958 1051 1991 ,
1063 1909 1140 2000 plue

880 2035 988 2090 tecum
999 2023 1141 2116 loquer:

259 2209 318 2260 138.
337 2207 409 2258 molo
426 2220 494 2272 quoe
509 2220 560 2256 me.
599 2203 657 2256 141.
676 2204 793 2272 officium
809 2221 904 2257 meum.

173 2370 258 2451 qnod
284 2389 358 2431 eane
386 2387 461 2448 prae
481 2375 608 2446 recepta
627 2365 742 2445 friget:
773 2365 825 2426 vel
846 2366 947 2446 accipi
966 2376 1072 2448 potest
1090 2389 1148 2451 pro

173 2478 265 2539 solita
293 2475 520 2537 discedentium
547 2474 697 2535 formula:
742 2472 787 2534 sic
823 2482 926 2534 tamen
954 2473 1080 2536 solitam
1109 2478 1150 2539 il·

173 2586 236 2646 lnm
254 2583 420 2645 formulam
438 2582 565 2642 insolito
584 2581 696 2659 ntique
714 2599 801 2641 moro
817 2582 1153 2665 expressio-ecquid

176 2703 204 2752 tc
230 2692 349 2775 podet:
377 2691 422 2752 sic
451 2689 664 2763 scribendum,
696 2708 760 2750 non
788 2696 894 2771 ecqui,
923 2690 1008 2769 quod
1021 2692 1056 2752 in
1074 2695 1152 2771 qui·

175 2800 305 2860 busdam
321 2799 393 2859 ilos:
416 2797 458 2859 cs.
479 2799 571 2859 Poen.
593 2800 629 2872 5,
654 2800 688 2873 5,
713 2800 763 2860 26.
783 2801 853 2860 Ter.
875 2798 953 2861 And.
975 2802 1011 2874 5,
1036 2802 1072 2877 2,
1097 2803 1151 2866 30.

217 2907 266 2969 Vs.
297 2908 365 2968 loo.
396 2925 513 2966 eurnma
541 2906 640 2979 ἀίω,
656 2906 678 2966 i.
708 2925 736 2967 e.
767 2927 929 2988 supremo.-
959 2908 1045 2988 Virg.
1066 2907 1146 2973 Aen.

169 3018 226 3093 111,
259 3018 327 3078 32o.

220 3126 314 3187 Venit
332 3145 450 3187 cemma
469 3125 552 3199 dies,
583 3135 614 3184 et
631 3124 830 3185 ineluctabile
850 3136 976 3208 tempus.

216 3235 266 3297 Vs.
297 3235 364 3296 142.
395 3254 465 3294 cum
484 3233 538 3293 illo
553 3234 744 3315 perdiderim
757 3234 874 3314 fidem:
903 3234 948 3295 sic
969 3246 1089 3317 motare
1101 3240 1147 3319 fi·

177 3347 244 3404 dem
272 3365 341 3431 orem
362 3343 483 3423 aliquo,
514 3342 596 3423 opud
617 3345 705 3403 Ten:
738 3364 860 3404 oeroore
874 3344 969 3423 fidem
988 3365 1058 3404 com
1077 3344 1149 3408 koe-

175 3462 219 3526 ιο,
248 3451 330 3532 opud
351 3452 413 3514 Cic.
436 3452 475 3512 de
496 3451 550 3513 on.
573 3451 639 3525 III,
663 3452 719 3511 29:
736 3453 865 3532 firmare
879 3452 975 3533 fidene
995 3472 1065 3511 oum
1084 3451 1147 3512 oli·

176 3579 246 3637 quo,
284 3549 366 3641 apud
395 3559 460 3620 Liv.
492 3560 585 3620 Plura
611 3561 751 3642 exempla
780 3559 851 3620 vide
880 3560 962 3641 apud
991 3562 1084 3621 Gron.
1106 3560 1146 3622 nd

176 3671 302 3730 Terent.
322 3668 444 3730 Phorm.
467 3670 502 3742 3,
527 3670 563 3743 2,
586 3669 635 3731 27.

188 3800 191 3811 ’
216 3777 266 3836 Vs.
298 3777 364 3838 1143.
393 3798 502 3859 operae
528 3780 557 3837 ei
584 3780 635 3840 eit.
684 3778 742 3840 Est
762 3798 887 3860 operae,
917 3786 950 3838 et
970 3788 1143 3859 operaest,

177 3886 268 3947 diere.
300 3884 333 3959 1,
359 3886 393 3957 1,
420 3887 467 3947 lo.
488 3888 571 3966 apud
591 3888 735 3950 Plautum
756 3895 788 3947 et
808 3886 897 3960 nlioo,
933 3904 1008 3966 pro:
1040 3896 1142 3960 occet,

172 3994 370 4068 commodem,
405 3993 481 4054 utile
502 4007 566 4055 eet:
