2670 5146
550 392 696 468 ·lss

248 657 303 702 ci.
328 636 411 711 Cras
435 632 621 721 ecquidem
641 647 742 700 suut:
767 654 869 722 prope
892 634 988 700 adest
1010 638 1160 706 exitium

1045 752 1156 833 mihi,

246 866 327 934 Nisi
335 864 509 955 quidmihi
521 867 557 930 in
565 877 597 930 te
605 863 804 930 estauxilii.
821 886 873 931 as.
888 863 1156 954 Sinepellegam.

180 990 235 1052 60.
248 1005 303 1051 cs.
328 982 435 1061 Sino,
458 1001 533 1045 nam
554 980 642 1044 mihi
664 980 782 1047 videar
802 1003 878 1046 cum
898 978 1156 1051 calabularier:

244 1100 361 1184 Lege,
386 1094 484 1161 dulce
506 1116 719 1184 amarumque
741 1117 806 1160 una
818 1117 905 1162 uunc
916 1097 1041 1162 misces
1054 1097 1155 1162 mihi.

183 1256 186 1265 ·
242 1235 295 1278 ss.
318 1208 416 1278 Nunc
428 1214 536 1277 nostri
548 1232 677 1276 amores
691 1258 702 1291 ‚
717 1232 826 1276 mores
841 1257 852 1290 ‚
866 1213 1128 1280 consuetudines
1143 1261 1153 1294 ‚

243 1327 371 1409 Joeus,
395 1326 520 1407 ludus,
545 1348 676 1407 sermo,
701 1331 816 1393 suavis
839 1329 1006 1405 sevistis,

245 1442 520 1530 Compressicues
545 1454 655 1509 arctae
677 1456 842 1509 amantum
865 1453 1077 1530 comparum3

179 1558 388 1627 iii-Teucris
412 1556 550 1625 labellis
573 1557 693 1624 molles
716 1556 988 1638 incisiunculae‚

244 1672 450 1762 Papillarum
473 1672 720 1740 horridularum
743 1672 1065 1761 oppressiuuculae,

240 1789 368 1855 Harum
376 1788 582 1876 voluptatum
589 1789 674 1854 mihi
686 1790 832 1853 omnium
845 1802 944 1876 atque
956 1788 1076 1854 itidem
1087 1789 1154 1855 tibi

243 1905 455 1985 Distractio‚
480 1906 687 1986 discidium,
710 1906 873 1980 vesticies
895 1880 1019 1984 veuit‚'

240 2021 322 2089 Nisi
335 2022 517 2110 quaemihi
540 2025 576 2087 in
599 2023 678 2088 te’at
699 2035 757 2086 aut
779 2021 845 2086 tibi
864 2034 918 2086 est
931 2023 1031 2087 inme
1044 2019 1152 2088 salus.

151 2137 335 2216 ‘70.Haec
358 2160 443 2225 quae
466 2159 528 2224 ega
551 2138 661 2217 scivi,
686 2150 724 2202 ut
746 2139 853 2203 scires
877 2138 993 2202 curavi
1015 2138 1149 2204 omnint

241 2251 339 2319 Nunc
362 2230 424 2340 ega
447 2240 486 2317 te
499 2254 658 2338 experiar
669 2254 751 2339 quid
763 2273 878 2331 ames,
901 2250 1149 2340 quidsimulcs.

1047 2365 1149 2432 Vale.

242 2500 298 2546 cl.
320 2480 384 2547 Est
394 2483 517 2549 misere
531 2483 715 2569 scriptum,
740 2481 931 2550 Pscudclel
966 2506 1017 2549 us.
1041 2481 1149 2548 Omi-

973 2621 1122 2666 serrume
1137 2603 1146 2665 l

240 2732 297 2792 cu.
322 2709 415 2788 Quin
425 2710 509 2778 flesl
543 2733 595 2779 us.
619 2711 1057 2782 Pumicecsoculoshabec:
1082 2737 1149 2782 uon

1060 2853 1148 2917 queo

277 2973 321 3025 64.
346 2978 406 3023 arie
424 2976 576 3026 amantium
593 2980 771 3042 comparatae.
834 3034 836 3038 Ι

215 3128 265 3188 Vs.
296 3129 344 3189 72.
375 3131 485 3189 misere
509 3131 659 3213 scriptam
683 3164 725 3176 —
746 3132 937 3191 miserrume.
980 3131 1093 3192 Misere
1110 3140 1144 3190 et

174 3240 356 3298 miserrume
380 3258 444 3299 non
467 3238 575 3300 ecdem
591 3258 683 3300 sensu
699 3239 878 3321 accipienda
895 3249 978 3301 suut.
1021 3238 1144 3301 Calido-

174 3365 228 3407 rus
253 3346 407 3426 intelligit
433 3346 583 3425 scriptum
608 3348 807 3411 miseratione
831 3349 977 3428 dignum,
1017 3347 1057 3408 ad
1075 3367 1143 3409 mc·

174 3454 306 3516 vendam
341 3455 586 3517 miscricordiam
612 3461 823 3539 compositum.
873 3455 1043 3519 Pseudolus
1067 3475 1144 3517 vero

175 3560 258 3622 idem
284 3561 467 3623 miserrume
484 3563 579 3637 dicit,
606 3567 693 3643 quasi
706 3567 837 3648 pessima
855 3565 1020 3645 scriptam,
1050 3562 1145 3622 sicuti

172 3687 217 3730 vs.
238 3669 278 3730 28
298 3670 467 3750 significat,
497 3672 644 3753 gallinam
661 3673 817 3754 scripsisse
832 3671 888 3732 has
902 3671 1021 3731 literas.

214 3775 265 3837 Vs.
297 3778 344 3839 73.
370 3781 526 3863 pumiceas
552 3762 727 3842 oeatoesi.
755 3799 783 3840 c.
804 3778 916 3841 aridos.
957 3776 1028 3838 Aul.
1046 3777 1081 3851 2,
1105 3779 1141 3851 l,

178 3884 225 3946 18.
256 3905 349 3947 senex
379 3907 490 3950 avarus
512 3889 630 3951 (licitur
652 3905 749 3966 aeque
773 3888 878 3950 aridus
903 3896 998 3964 atquc
1014 3904 1143 3966 pumex:

177 3993 218 4057 er.
243 3994 322 4058 seu.
346 3994 386 4059 aa
410 3996 566 4061 casseu
584 3995 724 4078 (mua.
746 3998 811 4060 uas.
831 3980 898 4059 uu.
918 3997 1013 4076 vup.
1033 3995 1082 4056 ae.
1102 3992 1146 4072 7).
