2670 5146
640 364 693 440 87

235 609 283 678 Ut
294 632 356 698 ego
366 607 476 677 ooolis
487 608 650 673 rationem
662 607 771 692 eopio‚
785 613 884 694 qoem
895 606 982 674 mihi
993 610 1042 673 ite
1052 609 1147 676 dixit

798 719 901 787 heros
914 745 1008 788 meus
1021 724 1122 790 miles
1134 769 1146 805 ,

236 841 403 926 Septimae
417 858 491 904 osse
503 835 603 901 aedes
614 857 634 899 e
642 846 757 922 porte,
771 835 831 900 ubi
844 833 906 902 ille
916 836 1046 903 habitet
1055 837 1144 919 leno,

976 957 1030 1019 oui
1039 958 1148 1041 Jossit

237 1067 431 1155 Symbolum
443 1068 598 1131 mosetto
611 1112 622 1146 ,
636 1079 669 1147 et
681 1066 743 1131 hoo
753 1080 939 1154 argentum.
962 1066 996 1133 N
999 1070 1077 1136 imis
1089 1092 1147 1136 ve·

192 1250 197 1256 ,
847 1179 909 1246 lim
922 1226 933 1259 ‚
948 1195 1075 1248 eertum
1089 1185 1148 1271 qui

193 1302 225 1363 5.
234 1296 329 1391 fMihi
342 1298 446 1362 faeiat
457 1340 468 1375 ‚
481 1293 594 1361 Ballio
605 1293 682 1360 leno
693 1294 755 1360 ubi
767 1293 824 1360 hio
841 1292 983 1360 habitat.
1016 1318 1068 1362 ps.
1092 1297 1145 1362 St.

949 1423 1021 1475 tace
1032 1457 1042 1490 ,
1055 1423 1145 1478 tace:

236 1525 335 1594 Meos
358 1526 415 1592 hio
433 1525 619 1606 esthemo,
644 1527 682 1590 ni
695 1545 809 1590 omnes
823 1522 870 1589 Di
882 1537 982 1612 atque
993 1525 1146 1592 homines

706 1639 888 1707 deserunt:
905 1662 990 1705 novo
1001 1640 1147 1707 oonsilio

238 1756 337 1824 Nune
358 1756 445 1822 mihi
466 1777 549 1842 opu·
575 1769 650 1822 est:
674 1777 760 1820 nove
776 1778 831 1822 reo
844 1755 956 1821 subito
968 1756 1054 1822 mihi
1067 1757 1149 1824 hoeo

925 1872 1147 1959 objecteest:

237 1985 311 2052 Hoo
321 1986 701 2073 praevorterprinoipio:
713 1983 777 2050 illo
787 1990 898 2050 omnia
909 1990 1015 2052 misse
1028 1989 1147 2069 habeo,

703 2122 788 2188 quae
800 2112 876 2164 ante
888 2122 987 2187 ogere
999 2105 1149 2190 ooeoepi.
1235 2086 1237 2090 Ι

240 2217 316 2282 Jom
326 2214 383 2304 pol
395 2191 456 2302 ego
467 2215 555 2281 hono
566 2218 790 2281 stratiotioum
800 2218 957 2281 nuncium
968 2217 1150 2283 advenien-

755 2343 821 2395 tem
833 2331 935 2418 probe
949 2335 1147 2419 percutiam.

175 2453 229 2515 10.
240 2467 300 2514 no.
324 2446 459 2514 Ostium
469 2444 620 2535 pultabo,
633 2457 732 2536 etque
744 2449 836 2513 intus
850 2448 992 2514 evocabo
1003 2446 1150 2536 aliquem
1167 2475 1169 2480 ·

1044 2563 1147 2629 fores.

260 2709 287 2758 4.
305 2713 407 2759 eertum
424 2709 489 2775 quid
503 2712 583 2777 mes.
617 2710 644 2762 ὅ.
664 2679 745 2771 hono,
765 2715 836 2770 tuoe,
857 2714 924 2761 tote.

214 2872 266 2932 Vs.
287 2873 316 2932 2.
338 2872 434 2932 oeulis
455 2874 608 2933 rationem
628 2894 756 2956 capere:
785 2873 904 2934 frustra
922 2873 1000 2933 mihi
1020 2871 1147 2936 videtur

175 2979 296 3040 dedisse
306 2982 400 3042 Gron.
423 2983 611 3055 orationem,
634 2983 702 3042 eine
722 2982 817 3043 dubio
835 2984 876 3044 ob
895 3000 1027 3060 sequens
1048 2983 1145 3057 dieo,

176 3088 293 3168 quippo
322 3088 361 3148 ed
390 3088 449 3149 hoo
475 3088 573 3168 magio
593 3091 758 3167 quadrans.
799 3092 892 3151 Forte
911 3100 1014 3151 tamen
1034 3090 1078 3150 sie
1098 3090 1149 3148 in·

177 3195 345 3274 terpreteri
365 3195 461 3256 lieet:
490 3205 528 3256 ut
548 3215 607 3276 ego
626 3198 725 3259 oeulis
745 3199 898 3268 rationem
918 3199 1006 3270 ineo,
1038 3216 1148 3256 nume·
1221 3232 1223 3238 ·

177 3321 246 3362 rum
275 3303 398 3364 aedium
427 3304 614 3380 ratiocinor,
646 3325 740 3386 quem
759 3308 838 3367 mihi
858 3308 902 3368 ita
920 3304 1072 3367 indicavit
1090 3305 1148 3365 ho·

177 3431 230 3472 rus
256 3431 360 3487 meus,
403 3423 440 3474 ut
468 3414 559 3476 aedes
579 3416 700 3477 lenonis
720 3425 822 3477 essent
842 3436 860 3477 a
879 3423 969 3496 porta
988 3396 1146 3495 septimae.

181 3519 295 3602 Capere
325 3522 476 3583 rationem
503 3543 561 3604 pro
591 3526 794 3599 ratiocinari,
829 3544 992 3584 numerum
1022 3543 1144 3606 cepere,

178 3625 250 3688 Aul.
270 3630 306 3702 t,
333 3629 385 3704 to,
411 3632 467 3692 68:
490 3632 534 3695 oio
554 3653 661 3717 capere
678 3643 822 3695 eoootom
838 3653 896 3715 pro
916 3633 1045 3707 oooori5
1067 3634 1150 3692 deoi-

180 3736 301 3796 derium
334 3758 442 3820 capere
476 3761 533 3820 pro
563 3741 758 3818 desideror03
797 3745 1007 3824 conjecturem
1044 3759 1151 3823 cepero

182 3862 238 3921 pro
258 3847 414 3928 oooje'oere
432 3848 514 3928 opud
533 3850 602 3912 Ter.
621 3851 729 3914 Heaot.
749 3852 784 3926 2,
807 3852 840 3926 3,
860 3852 915 3926 25,
936 3861 969 3912 et
986 3850 1069 3931 opud
1086 3849 1150 3911 Cio.

180 3967 234 4028 pro
253 3951 342 4015 Roso.
362 3954 429 4016 Am.
449 3955 505 4031 35,
530 3958 600 4021 olio.
913 3972 915 3979 ’
