2670 5146
728 380 781 457 74

341 656 391 700 ps.
416 634 470 694 rtet
489 634 572 692 reiro
591 632 636 688 aeci
660 629 745 687 redeo
768 646 866 712 nego.
895 638 939 690 st.
962 625 1096 714 Ecqua!
1120 633 1254 720 Viginti

1138 747 1253 815 minas

269 866 325 932 70.
338 862 404 930 Per
425 857 678 946 sycophantiam
704 867 804 943 atqua
825 875 886 941 per
908 854 1022 922 doctos
1046 856 1141 925 dolos

334 978 481 1054 Paritas,
495 985 532 1038 ut
543 972 677 1037 auferas
691 991 773 1034 ame
783 967 798 1034 l
808 992 859 1036 ns.
871 967 944 1036 Abs
958 983 991 1036 te
1005 996 1066 1059 ego
1078 972 1252 1045 auferam?

335 1115 381 1159 sr.
405 1090 479 1157 lta:
494 1110 577 1176 quas
589 1108 663 1151 meo
675 1098 774 1174 gnato
787 1084 846 1150 des
860 1129 870 1164 ,
882 1091 944 1179 'qui
957 1090 1097 1155 amicam
1109 1088 1249 1161 liberet.

333 1229 386 1274 pe,
409 1207 523 1273 Fateri
535 1202 579 1261 δεῖ
595 1206 641 1262 sai
661 1207 745 1262 reiro
764 1206 820 1270 vxi,
842 1207 888 1261 set
908 1207 992 1264 reiro
1010 1209 1060 1265 vai.

284 1392 288 1403 ,
333 1343 388 1391 cs.
412 1323 562 1389 Fatetur.
587 1342 630 1387 sr.
654 1318 802 1421 Dixin’U,
816 1319 999 1412 Callipho,
1022 1323 1146 1392 dudum
1159 1327 1247 1395 sibit

271 1572 319 1633 xit
344 1572 379 1631 in
406 1587 511 1631 omues
537 1577 821 1651 paticipatam,
857 1569 1022 1645 callidum,
1053 1573 1165 1635 doctus
1186 1578 1251 1643 eti·x

270 1701 320 1743 am
341 1681 457 1741 Gracco
476 1687 541 1738 est:
564 1698 659 1757 quam
678 1677 718 1738 oh
737 1696 861 1739 causam
882 1687 914 1738 ot
934 1698 1005 1740 eum
1027 1678 1156 1742 Socrate
1176 1703 1247 1746 eum

164 1766 168 1773 ⁵
245 1786 447 1870 'eomparat,
489 1796 526 1847 etv
551 1785 822 1868 philosophantem
848 1786 982 1849 inducit.
1033 1791 1124 1852 Solus
1148 1793 1247 1873 igitur

269 1897 439 1960 Pseudolus
460 1897 576 1958 Graece
596 1894 750 1975 loquitur.
771 1926 813 1940 -
841 1894 974 1975 Vulgata
989 1907 1157 1978 propterea
1174 1902 1247 1982 qui·

270 2006 341 2068 dem
361 2007 456 2068 etiam
476 2006 579 2066 minus
599 2004 729 2066 ferenda
748 2005 891 2078 videtur,
922 2005 1022 2086 quod,
1047 2008 1165 2088 optima
1179 2028 1245 2072 me-

268 2124 366 2176 nanto
386 2114 560 2188 (iconomo,
594 2121 642 2174 tot
660 2130 753 2193 supra
770 2112 918 2192 infraque
933 2112 1025 2174 nexis
1042 2116 1174 2178 sonmiis
1191 2116 1246 2180 hos

268 2223 346 2284 duos
363 2242 472 2284 versus
488 2221 645 2301 longiores
662 2221 857 2300 interjecisse
875 2221 1018 2283 Plautum
1037 2223 1089 2282 vix
1108 2225 1245 2288 eredibi-

267 2333 299 2393 le
317 2340 375 2393 ast.
416 2331 461 2392 Ex
479 2341 628 2412 corrupta
646 2330 803 2405 librorum
819 2331 975 2410 scriptura
992 2349 1067 2394 vera
1083 2332 1168 2395 forto
1185 2336 1244 2397 eli·

268 2440 297 2500 oi
315 2448 433 2520 potest,
456 2457 626 2517 versusque
643 2439 707 2499 suis
724 2438 863 2499 numeris
880 2438 1024 2499 restitui:

308 2545 551 2609 Meomamaret
572 2547 619 2608 us.
631 2551 672 2607 oei
691 2551 755 2624 γάρ’.
794 2545 868 2608 sim.
885 2547 1035 2608 Liberoso
1044 2568 1134 2630 quom
1143 2550 1245 2614 veliti

307 2655 355 2717 Ps.
377 2660 424 2717 uoci
444 2660 530 2717 reiro
547 2660 588 2716 vei
608 2655 670 2732 ylio.
711 2655 784 2716 Sim.
807 2676 917 2736 aequas
936 2667 993 2717 eto.

306 2770 363 2825 Na}
382 2768 433 2840 γάρ
456 2771 503 2822 est
523 2762 676 2823 librorum
697 2782 829 2844 coepas,
851 2765 935 2825 undo
955 2767 1092 2828 manavit
1110 2778 1244 2849 copore:

266 2872 430 2952 usurpavit
449 2870 617 2934 Pseudolus
628 2871 662 2930 in
679 2872 894 2946 affirmatione,
915 2883 950 2934 ut
968 2874 1057 2936 Plato
1073 2893 1166 2956 saepe
1183 2878 1245 2941 im

264 2987 316 3058 pis
340 2980 424 3043 oica:
453 2985 506 3058 γάρ
533 2981 568 3040 in
594 2980 773 3043 affirmando
799 2981 1091 3060 frequentissimum·
1111 2993 1176 3058 est,
1207 2988 1245 3048 ni

264 3090 298 3150 iu
316 3090 346 3153 od
365 3097 405 3164 pe
423 3089 492 3167 γάρ,
518 3094 548 3150 ai
569 3094 640 3166 γάρ,
661 3099 693 3150 et
712 3090 874 3152 similibus.
916 3093 1028 3155 Eadem
1041 3093 1109 3153 lere
1126 3092 1167 3154 de
1182 3093 1246 3159 hoe

264 3199 335 3269 loeo
352 3205 400 3258 est
416 3196 573 3258 sententia
590 3197 705 3260 Bothii.
749 3197 798 3260 Vs.
819 3199 867 3261 73.
890 3198 965 3261 edit.
988 3199 1094 3281 Steph.
1114 3198 1212 3264 haec:

428 3304 548 3366 Fetere.
571 3310 704 3378 nicetes,
721 3306 766 3369 ‘lua
784 3313 830 3370 sai
848 3309 932 3403 eicie
947 3311 1079 3386 ἱνσκὶμην.

303 3413 345 3475 At
362 3422 449 3475 vetat
467 3414 668 3495 Hippocrates
685 3413 857 3496 desperatis
874 3417 978 3478 faeere
997 3418 1196 3482 medicinam.

304 3521 354 3583 Vs.
379 3523 426 3584 7t.
459 3522 588 3585 Fatetur
613 3542 685 3586 eum
704 3525 816 3587 Bothio
836 3525 952 3587 Simoni
972 3526 1108 3589 dandum
1128 3530 1241 3593 existi-

263 3648 331 3704 mo,
363 3648 424 3692 neo
454 3631 627 3714 Caliphoni.
648 3666 690 3680 -
718 3635 853 3696 dodum:
875 3635 957 3697 sieut
978 3637 1092 3722 procul
1117 3640 1243 3721 saepius

263 3739 303 3800 do
331 3739 431 3820 spatio
467 3739 621 3816 breviori,
659 3741 704 3805 ita
733 3754 767 3806 ct
794 3743 908 3804 dodum
936 3744 976 3804 do
1003 3753 1145 3826 temporo
1173 3764 1242 3810 uon

261 3846 355 3927 longa
381 3848 553 3927 praeterito
576 3849 713 3929 dieitur-3
760 3870 823 3913 non
849 3860 970 3913 tontum
994 3852 1077 3934 apud
1104 3855 1242 3917 comicos

264 3955 457 4038 saepissime,
482 3954 535 4017 sed
555 3957 651 4019 otiam
669 3959 751 4040 apud
771 3959 848 4021 alios
868 3960 1046 4041 scriptores.
