2670 5146
722 99 870 173 tos

335 346 465 433 Spero,
487 340 647 413 alicunde
667 335 1068 426 hodiemeboneopern‚
1091 341 1222 425 entheo
1257 411 1262 420 ,

467 529 470 534 ,
1150 480 1224 526 mea

332 573 415 645 Tibi
436 574 653 639 inventurum
676 590 753 636 esse
774 566 945 635 auxilinm
960 575 1199 658 argentarium.

329 689 442 776 Atque
465 687 501 750 id
522 686 672 751 futurum
695 682 806 762 unde,
844 682 931 749 unde
954 683 1063 750 dicum
1079 690 1219 765 neseio,

314 889 371 941 102.
389 889 458 940 bosso
474 902 556 952 opero
573 891 622 936 out
639 884 721 936 malo.
760 882 817 934 104.
836 885 908 936 esde
926 890 968 936 ter
984 885 1131 952 repetitum.

283 1099 334 1160 Vs.
366 1097 434 1158 102.
465 1094 545 1155 bono
564 1114 657 1177 opera
677 1104 733 1154 out
753 1093 808 1153 loo
829 1114 906 1154 rnre.
949 1095 1137 1157 Germanum
1155 1096 1216 1160 hoo
1291 1106 1294 1111 “

245 1215 308 1280 est,
340 1213 372 1266 et
392 1222 467 1265 rere
487 1203 683 1276 Plautinum,
708 1201 855 1282 quoniam
870 1196 962 1280 jocus
982 1199 1014 1277 ἐξ
1032 1203 1222 1279 &operienti-so

246 1315 344 1386 inest,
374 1330 453 1392 quos
480 1310 589 1371 senari
610 1311 690 1371 solet
710 1310 856 1370 Plautus:
888 1309 985 1369 iones
1005 1330 1114 1392 operae
1133 1332 1223 1394 speo-

246 1432 359 1484 tatores
385 1419 499 1481 molam
526 1418 697 1500 oppositum
727 1426 926 1497 exspectant,
958 1427 991 1478 et
1010 1418 1144 1480 audiunt
1164 1420 1222 1482 hoe
1260 1453 1267 1462 ·

246 1552 327 1606 mo,
349 1529 446 1591 lectio
466 1528 519 1590 Cd.
540 1526 741 1601 Academiae,
765 1534 798 1586 et
817 1526 988 1587 multorum
1007 1527 1142 1589 aliorum
1160 1529 1223 1609 igi-

246 1651 297 1702 tur
317 1659 356 1701 ex
376 1636 640 1717 interpretatione
659 1635 762 1695 fluxit.
804 1635 895 1697 Boos
914 1655 1006 1717 opero
1026 1644 1073 1696 ost
1091 1637 1223 1701 honesta

247 1749 351 1831 eliqua
376 1746 476 1808 ratio:
508 1764 589 1826 quae
609 1745 635 1804 si
655 1763 719 1805 non
738 1742 900 1817 succedat,
925 1744 1047 1822 inquit,
1070 1756 1143 1807 utar
1162 1747 1222 1821 hae

248 1877 330 1931 mea,
361 1855 383 1916 i.
406 1874 434 1915 e.
454 1853 553 1929 mala,
585 1851 707 1926 fallaci,
738 1870 832 1932 quam
853 1862 888 1919 tu
909 1860 942 1913 et
962 1873 1015 1917 vos
1036 1873 1143 1915 onmes
1163 1875 1221 1916 no·

247 1965 352 2027 vistis:
393 1971 427 2027 et
461 1981 530 2037 ero,
579 1959 663 2041 qnod
700 1980 813 2023 nornen
840 1980 944 2023 meum
973 1961 1109 2036 indicat,
1149 1982 1224 2024 rere

249 2072 427 2137 Pseudolus.
468 2070 572 2134 Omnis
591 2091 686 2152 opera
704 2071 828 2133 servilis
846 2072 1033 2152 ceteroquin
1052 2073 1086 2137 in
1105 2072 1156 2134 his
1174 2073 1223 2136 fo·

248 2184 330 2245 bulis
350 2190 384 2243 et
408 2180 604 2242 Terentianis
624 2189 755 2243 vocatur
774 2180 871 2254 mela,
905 2200 976 2241 curn
996 2181 1129 2243 maxime
1149 2181 1223 2243 filiis

251 2289 403 2354 herilibus
422 2310 484 2370 qua
498 2289 589 2369 jure,
621 2309 685 2370 qua
703 2289 820 2369 injuria
840 2288 1005 2369 pecuniam
1024 2290 1224 2370 suppeditare
1264 2336 1268 2347 .

251 2399 394 2461 student:
426 2397 468 2461 el.
488 2396 564 2459 Asin
582 2399 612 2459 3.
633 2398 663 2459 3.
687 2399 758 2471 lot,
793 2400 878 2479 Gapt.
900 2400 929 2460 3.
952 2399 982 2460 5.
1004 2399 1054 2460 13.

291 2507 342 2568 Vs.
373 2507 440 2568 lot.
472 2506 535 2569 Cal.
566 2506 665 2586 Atque
692 2507 729 2566 id
748 2508 897 2587 futurum
922 2506 1034 2568 unde?
1063 2507 1111 2568 Ps.
1138 2506 1225 2568 Usus

254 2616 352 2677 dirum
372 2615 486 2676 neseio.
529 2615 579 2675 Sio
601 2614 800 2679 scribendum
821 2615 963 2691 ridetur,
994 2634 1074 2688 non,
1097 2623 1134 2676 ut
1153 2615 1227 2675 vul-

255 2743 308 2803 go,
347 2722 451 2784 omnia
479 2722 630 2784 Pseudolo
660 2724 838 2785 tribuenda.
888 2725 1039 2785 Nonnulli
1063 2725 1149 2784 unde
1178 2733 1227 2785 ter
1259 2729 1262 2737 '

256 2840 419 2914 repetunt,
451 2839 483 2893 et
512 2831 708 2893 scribuntur
728 2832 779 2893 rel
799 2833 1095 2913 otqniprootqu03
1126 2840 1163 2894 ut
1183 2833 1227 2894 sio

257 2950 343 3002 sonet
368 2960 492 3001 versus:
526 2941 589 3003 Gal.
620 2941 662 3003 At
681 2943 716 3003 111
726 2945 877 3023 futurum
896 2939 1005 3007 uode?
1033 2941 1081 3002 Ps.
1114 2940 1227 3001 Unde?

256 3050 336 3108 sede
364 3049 466 3109 diram
494 3052 618 3110 nereio:
648 3050 701 3113 sed
730 3069 793 3113 uon
813 3070 890 3131 opus
910 3057 958 3109 est
978 3048 1034 3111 tali
1054 3048 1227 3111 emendati-

256 3175 329 3230 one,
361 3176 442 3236 quoe
469 3168 569 3221 metro
598 3177 723 3245 quoque
743 3157 902 3221 contrariu
921 3166 980 3218 est.
1021 3157 1121 3239 Atque
1141 3157 1227 3218 enim

258 3263 339 3344 apud
365 3264 510 3329 Plautum
537 3275 570 3326 et
599 3266 680 3346 apud
707 3268 784 3328 alios
811 3267 978 3347 scriptores
994 3265 1154 3329 interdum
1170 3286 1230 3347 pro
1308 3253 1309 3257 ¹

257 3373 342 3452 atqui
359 3373 520 3452 partioula
538 3384 585 3434 est
603 3374 814 3439 adversativa:
836 3375 948 3437 Baooh.
970 3376 1004 3451 l,
1034 3376 1142 3453 1,53;
1162 3378 1228 3438 Cas.

260 3480 292 3554 2,
323 3482 359 3553 6,
393 3482 440 3542 12.
483 3481 515 3542 si
533 3485 695 3565 vulgatum
713 3494 870 3559 servatur,
901 3484 1139 3566 explicandum:
1169 3505 1229 3546 nn·

263 3589 387 3648 111-
415 3592 499 3652 unde
526 3602 606 3667 ete,
639 3595 728 3674 qnasi
750 3594 815 3672 jum
831 3613 936 3655 seeum
953 3594 1123 3668 deliberet,
1149 3593 1232 3654 unde

264 3694 387 3757 tandem
405 3697 445 3764 sit
462 3698 664 3761 inventuros:
692 3701 837 3783 repetitio
853 3702 973 3764 indicat
988 3682 1212 3767 difficultatem.
1318 3789 1321 3800 Ι
