2670 5146
636 342 756 426 u.

238 601 294 660 ca.
317 581 438 673 Nugae
450 587 556 669 istaec
569 599 670 661 sunta
694 608 760 653 non
766 551 954 675 jucundum
978 604 1053 672 est,
1076 596 1148 661 nisi

545 701 659 767 amans
673 703 758 768 facit
770 703 887 770 stulte.
897 742 899 747 ,
911 726 963 771 rs.
987 706 1151 795 Pergin’l

175 817 297 890 10.ο.1,.
322 814 353 881 0
366 813 535 889 Pseudolo
543 819 684 894 misine
695 816 761 887 sim
772 818 897 887 nihili:
911 823 1008 891 mitte
1019 845 1072 889 me
1084 827 1148 897 sir.

782 954 834 998 rs.
860 934 943 1002 Sine
957 983 967 1016 ,
981 939 1077 1004 modo
1088 962 1151 1039 ego

238 1043 377 1121 Abeant·
400 1064 456 1115 cu·
479 1043 582 1121 Mane
594 1091 605 1125 ‚
619 1067 715 1112 mane
728 1070 736 1113 ε
746 1051 819 1133 jam
830 1062 869 1115 ut
879 1049 973 1117 voles
987 1074 1147 1134 maesse,

656 1162 706 1235 ita
717 1183 786 1227 ero.
809 1181 861 1233 rs·
885 1163 1151 1255 Nuuetusapis.

146 1295 148 1299 ’
241 1295 296 1358 aa.
320 1275 463 1347 Itdies:
487 1274 768 1364 egomihioesso.
803 1277 1061 1366 I·prae,puere.
1096 1302 1153 1346 cs.

651 1390 737 1472 heus
749 1437 761 1472 ,
773 1391 882 1469 abiit:
897 1398 980 1492 quir
990 1394 1155 1464 revocas?

263 1576 304 1626 10.
329 1574 402 1626 abest
417 1589 470 1647 vme.
485 1601 517 1611 ·-
535 1574 605 1625 sino.
642 1573 683 1625 11.
702 1589 748 1624 ero
764 1576 816 1627 lto.

178 1758 296 1818 sultare
332 1757 437 1815 animo
480 1764 528 1814 est
559 1753 727 1834 indulgere
752 1753 931 1831 affectibus,
968 1758 1036 1836 pati
1057 1778 1091 1819 se
1117 1759 1156 1820 iis

176 1865 305 1945 agitari,
336 1873 373 1922 ut
399 1870 521 1923 veteres
548 1880 774 1942 nonnunquam
799 1864 940 1923 animum
966 1864 1156 1928 deteriorem

175 1983 298 2055 partem
322 1971 418 2032 animi
438 1978 573 2056 uocant,
603 1989 674 2043 eam·
688 1990 769 2050 quae
787 1971 959 2046 ministrat,
992 1993 1055 2033 non
1074 1994 1156 2057 quae

176 2081 278 2162 regit:
320 2079 361 2141 of.
389 2078 518 2142 Rulmk.
548 2077 588 2141 ad
614 2080 684 2140 Ter.
712 2078 793 2140 And.
823 2080 856 2154 1,
887 2080 918 2155 1,
952 2080 1025 2169 137.
1056 2090 1089 2145 et
1115 2081 1156 2144 ad

176 2190 253 2250 Eun.
289 2189 318 2250 5.
357 2189 386 2249 6.
415 2187 462 2249 lt.
512 2185 594 2258 Aule
618 2208 710 2267 quom
728 2186 875 2248 omissum
901 2196 949 2249 est
970 2189 1075 2271 potios
1101 2189 1153 2251 vol

178 2298 293 2380 magis,
325 2295 411 2378 quod
438 2315 530 2377 saepe
556 2295 654 2365 abest.
697 2296 743 2356 lle
764 2306 981 2378 praevertere,
1014 2307 1047 2358 et
1060 2318 1155 2380 prae·

178 2407 259 2471 versi
283 2404 355 2466 vide
382 2406 476 2469 Gron.
502 2402 535 2477 L.
563 2405 595 2477 P.
618 2425 650 2486 p.
679 2406 728 2481 70.
765 2419 771 2424 “

216 2516 267 2576 Vs.
297 2514 327 2576 0.
358 2534 460 2594 nuque
493 2515 590 2575 istaec
625 2523 720 2575 suot.-
756 2513 865 2595 inepte
897 2513 978 2575 seria
1000 2513 1155 2578 declamas

180 2624 263 2707 apud
287 2631 466 2685 amatorem.
765 2690 766 2694 ,

206 2710 266 2793 ts.
291 2733 337 2794 10.
360 2732 451 2793 siue:
471 2731 627 2813 posterius
651 2732 739 2805 sine,
768 2730 854 2812 quod
871 2730 1014 2793 absolute
1036 2733 1081 2796 sio
1098 2752 1155 2814 po·

178 2843 273 2908 situm
299 2838 465 2922 permultis
492 2839 561 2901 aliis
587 2840 664 2901 loeis
687 2840 835 2902 minantis
863 2849 927 2916 est,
965 2851 998 2901 et
1015 2841 1153 2905 malevo-

178 2949 288 3024 lentis,
329 2968 366 3009 eo
393 2967 484 3009 sensu
511 2948 564 3009 hio
591 2957 674 3010 stare
700 2968 764 3010 non
781 2957 902 3031 potest:
933 2949 1024 3011 editt.
1051 2958 1150 3025 vett,

182 3059 369 3138 suffragante
404 3057 456 3118 cd.
494 3055 613 3132 dead,
660 3057 780 3124 habent
811 3059 897 3130 sino,
945 3056 1031 3135 quod
1063 3058 1157 3119 uniee

181 3185 289 3227 verum
326 3166 486 3227 existimo:
517 3166 639 3249 reliqui
675 3166 742 3228 liss.
770 3166 837 3227 fere
864 3166 941 3228 daut
964 3167 1044 3226 sine.
1095 3167 1159 3230 Hoc

182 3274 259 3337 dicit
284 3275 462 3337 Calidorus:
500 3275 567 3343 sine
590 3295 641 3337 mo
660 3297 735 3358 prae
762 3295 865 3337 amore
889 3274 1158 3357 insanire,·inep·

182 3384 241 3446 tias
276 3404 388 3464 agero:
431 3387 517 3447 mitte
554 3406 601 3445 mo
629 3387 695 3446 sis:
725 3385 792 3446 sine
815 3404 866 3453 me
893 3383 1048 3445 stultitiae
1073 3403 1161 3449 meae

184 3491 364 3573 indulgere,
402 3494 571 3556 stultitiam
597 3515 696 3556 meam
722 3513 786 3555 non
813 3500 941 3565 curato,
970 3511 1034 3553 nou
1060 3495 1161 3575 respi-

184 3600 256 3664 cito.
307 3602 354 3664 Ad
381 3603 465 3684 quod
489 3604 673 3673 Pseudolus:
703 3602 786 3677 sino,
819 3600 927 3675 mitto,
963 3601 1055 3663 modo
1082 3601 1161 3662 mihi

180 3706 274 3780 liceat
299 3710 398 3787 abire.
442 3712 493 3772 Sio
519 3712 602 3772 enim
626 3710 727 3773 omnia
753 3709 870 3793 optime
889 3717 1079 3788 congruunt.

221 3817 271 3880 Vs.
296 3819 344 3880 12.
372 3840 440 3900 sqq.
475 3820 615 3883 Turbant
642 3819 709 3896 Illas.
736 3797 977 3900 in'sffingendis
996 3818 1157 3899 personis:
1250 3841 1253 3845 ·

183 3944 239 4004 pro
259 3926 339 3988 obiit
356 3928 456 4001 Bothe
472 3927 552 4015 vidit
569 3929 738 4019 legendum¹
755 3949 821 4015 osse
839 3927 915 3997 ubit.
937 3926 1010 4005 Sqq.
1020 3927 1158 4007 quiore-

1011 4040 1032 4100 6
1071 4075 1075 4082 .
