2670 5146
633 438 713 516 mo

180 688 252 751 110.
263 681 311 750 Ut
332 701 384 747 uie
407 683 440 746 si
461 693 576 768 posset
598 679 741 746 muliere
764 683 1026 751 intervorteret:
1052 656 1061 665 ’

265 798 351 864 Eum
372 797 572 884 promisisse
593 791 760 875 firmiter,
784 795 899 876 uixit,
925 798 1021 879 sibi,

267 913 351 980 Sese
373 910 591 978 abducturum
613 933 632 975 a
655 931 707 976 me
729 909 817 976 dolis
841 912 1077 980 Phoenicium.

266 1025 365 1093 Nuue
388 1025 444 1092 ibo
468 1006 581 1106 iutro,
605 1039 704 1114 atque
727 1026 856 1093 edicam
878 1028 1132 1110 familiaribus,

266 1141 420 1207 Proiecto
443 1158 487 1207 ue
508 1143 585 1228 quis
609 1142 786 1230 quiequam
811 1142 927 1210 eredat
947 1143 1129 1211 Pseudolo.

306 1427 460 1498 aculis
485 1426 666 1504 QUARTI
691 1425 850 1515 SCENA¹
867 1425 1032 1494 PRIMA.

488 1704 709 1765 reaumaus,
734 1696 841 1751 sium.

242 1888 431 1975 Siuuquam
444 1907 630 1974 quenquam
641 1884 689 1951 Di
702 1885 908 1953 immortales
922 1887 1061 1956 voluere
1073 1911 1147 1957 eme

824 2003 960 2071 auxilio
972 2005 1124 2093 adjutum
1136 2053 1145 2086 ,

239 2118 324 2187 Tum
335 2140 389 2203 me
399 2130 432 2186 et
440 2115 632 2185 Calidorum
644 2128 813 2208 servotum
824 2115 943 2184 volunt
955 2141 1045 2201 esse,
1056 2133 1091 2187 et
1100 2119 1148 2186 le·

818 2252 937 2298 nouem
948 2235 1147 2300 extinctum:

236 2351 321 2418 Cum
332 2364 366 2417 te
377 2350 563 2438 adjutorem
573 2363 721 2434 'genuere
732 2347 841 2425 mihi,
862 2347 1076 2416 tamdoetum
1088 2348 1146 2415 ho·

737 2463 862 2529 miuem
875 2475 975 2552 atque
987 2477 1146 2532 astutum.

238 2582 306 2649 Sed
318 2580 377 2646 ubi
390 2579 465 2647 illio
477 2593 529 2648 eet
540 2578 554 2644 i
567 2599 683 2646 sumne
696 2601 757 2667 ego
769 2579 866 2645 homo
877 2580 1045 2667 inssipien
1059 2626 1070 2660 ,
1085 2584 1143 2671 qui

519 2695 601 2762 haee
611 2714 739 2762 meeum
751 2708 881 2784 egomet
891 2694 1010 2784 loquor
1022 2693 1117 2763 solus
1131 2697 1145 2762 i

196 2816 228 2880 5.
239 2811 344 2880 Dedit
353 2810 456 2878 verbe
468 2809 554 2879 mihi
566 2809 681 2878 hercle
698 2857 709 2891 ,
735 2813 923 2898 utopiuou:
948 2810 1059 2879 malus
1073 2835 1148 2880 oum

841 2925 1047 2995 malostulte
1059 2933 1148 2997 oevi.

244 3103 301 3154 110.
319 3108 352 3152 ut
367 3117 388 3172 u
402 3117 458 3162 me,
479 3117 502 3153 s.
516 3119 547 3168 p.
564 3101 712 3152 mulierem.
757 3101 780 3153 1.
798 3100 879 3150 osuio
895 3099 1042 3152 advectum.

214 3285 264 3345 Vs.
297 3286 323 3343 l.
355 3285 513 3366 adjutum,
546 3294 611 3343 tum
637 3303 684 3341 me
712 3289 773 3342 eto.
803 3279 957 3360 Suspicati
984 3289 1058 3341 suut
1086 3283 1150 3342 viri

172 3393 274 3467 docti,
302 3402 366 3452 tum
387 3400 491 3453 ortum
508 3410 573 3452 esse
590 3410 630 3450 ex
647 3390 758 3451 ultima
774 3388 865 3450 verbi
888 3389 1048 3470 adjutum,
1080 3390 1144 3469 igi.-

174 3510 227 3560 tur
244 3500 422 3562 delendum.
463 3499 549 3564 Nihil
568 3499 651 3561 forte
669 3497 863 3561 mutandum.

215 3608 265 3668 Vs.
287 3610 316 3669 5.
338 3608 437 3669 molus
453 3629 523 3669 oum
539 3605 619 3670 molo
636 3608 730 3670 stulte
748 3609 827 3668 oaoo'.
865 3607 981 3669 Cooere
999 3626 1070 3668 oum
1088 3606 1149 3669 ate·-

176 3734 234 3793 qoo
251 3714 358 3777 eadem
375 3719 497 3781 ratione
514 3717 632 3780 dieitur
650 3737 708 3799 pro
726 3737 834 3778 oaoere
853 3716 997 3794 aliquem,
1021 3735 1059 3777 ao
1076 3735 1149 3797 oop-

175 3810 242 3886 tore
262 3846 330 3885 oum
353 3827 455 3905 oiiquo
478 3848 534 3908 pro
553 3838 676 3911 captore
692 3827 843 3904 aliquem,
865 3824 951 3887 Iiiosi.
971 3826 1008 3898 5,
1032 3825 1066 3897 l,
1089 3824 1147 3899 213

172 3954 262 3996 orere
280 3956 348 3996 oum
365 3935 468 4013 aliquo
484 3938 624 4019 saepiue;
646 3936 781 3998 oseulari
797 3956 867 3998 oum
884 3934 988 4014 ulique
994 3979 1002 4009 ,
1024 3932 1088 3996 iiii.
1106 3934 1144 4006 2,

173 4045 211 4118 2,
242 4043 282 4106 m
298 4053 330 4105 et
350 4043 416 4107 109.
460 4043 504 4106 ef.
527 4044 613 4127 Most,
636 4046 664 4127 5.
687 4048 716 4108 2.
739 4045 789 4108 21.
