2670 5146
731 327 786 402 54

349 594 404 641 cn.
427 569 598 656 Propera,
624 566 817 656 quidstasl
840 572 1243 656 arcosscagnostaudin’

910 685 1245 776 qnidaitluppiterl

350 825 402 869 rs.
426 801 501 867 lam
520 798 578 864 bie
602 821 681 866 ero:
706 818 823 864 verum
847 810 942 864 extra
958 811 1088 887 portam
1099 801 1244 871 Metiam

850 913 1050 1009 comendam
1066 929 1120 982 est
1133 920 1244 1005 prins.

353 1054 406 1100 et.
432 1032 523 1109 Quid
546 1030 613 1100 eol
644 1052 696 1096 rs.
718 1028 844 1094 Laniot
869 1028 949 1095 inde
973 1051 1141 1098 arcessam
1164 1033 1245 1100 dnos

906 1166 979 1210 enm
992 1147 1245 1217 tintinnabulis.

355 1263 482 1330 Eadem
496 1262 560 1328 dno
572 1282 692 1350 greges
704 1262 876 1347 virgarum
898 1260 978 1326 indo
991 1258 1177 1329 ulmcarum
1189 1266 1246 1331 ad·

1119 1400 1221 1466 agero
1233 1426 1244 1460 ,

352 1531 397 1585 97.
419 1549 450 1597 p.
467 1533 508 1580 mi
525 1532 617 1582 etiam.
651 1530 696 1581 99.
714 1529 804 1578 endem
821 1529 896 1578 domo
913 1555 944 1566 -
962 1544 989 1580 o.
1008 1530 1082 1580 ende
1097 1546 1129 1583 ts.
1148 1547 1176 1584 n.

271 1674 356 1720 suam
388 1653 577 1728 emiserunt,
615 1653 723 1733 paucis
746 1654 880 1738 reseram
906 1672 1000 1714 unam
1028 1655 1182 1735 Scaligeri
1199 1657 1247 1718 in·

270 1762 546 1846 terpretatiouem,
587 1761 732 1842 plurimis
765 1769 932 1842 acceptam.
985 1762 1035 1824 Sic
1062 1763 1250 1842 jubentibus

273 1873 358 1947 llss,
397 1871 476 1950 legit
502 1871 642 1930 minimis
668 1878 765 1948 atque
793 1870 940 1951 exponit:
979 1870 1141 1946 victimas,
1176 1873 1199 1933 i.
1226 1893 1252 1934 e.

273 1985 406 2065 majores
428 1980 546 2041 hostias
571 1999 634 2041 non
659 1978 730 2039 vult
754 1979 843 2052 leno,
872 1977 926 2038 sed
942 1977 1085 2039 minimis
1100 1979 1172 2042 vult
1186 1981 1252 2062 pla-

273 2090 353 2164 cari,
388 2088 558 2167 respiciens
592 2087 632 2148 ad
663 2089 767 2148 ninas
798 2087 929 2166 viginti,
975 2105 1052 2165 quas
1078 2089 1139 2149 sibi
1167 2089 1254 2152 litari

274 2197 421 2259 malebat.
471 2194 658 2256 Adolescens
678 2214 753 2255 vcro
770 2195 878 2273 jocum
897 2214 962 2255 non
981 2194 1176 2276 percipiens,
1201 2216 1253 2259 ar·

275 2304 368 2366 cessit
386 2322 498 2381 opnor,
521 2310 632 2382 utpote
651 2304 782 2362 minima
801 2313 883 2363 enta.
924 2304 1058 2391 Parvula
1074 2305 1251 2367 mutatione

276 2411 382 2473 malim
409 2429 482 2489 ege,
515 2409 600 2486 quod
627 2419 659 2470 et
678 2411 712 2471 iu
732 2411 919 2471 membranis
937 2412 1073 2492 legitur,
1096 2415 1254 2490 mininis,

277 2519 467 2599 adjectivum
486 2518 653 2580 formatum
673 2539 690 2581 a
711 2521 814 2594 mina,
847 2529 883 2581 nt
904 2541 1050 2604 acapna,
1081 2524 1253 2606 caprinus,

276 2636 357 2690 etot
396 2626 480 2705 qnod
508 2626 590 2686 male
619 2626 744 2688 elocuto
771 2628 901 2703 lenone,
931 2630 983 2690 vel
1003 2630 1084 2693 male
1104 2630 1255 2694 audiente

279 2735 435 2809 Calidoro,
459 2742 658 2796 arcessuntur
674 2737 805 2797 minima
823 2747 913 2810 exta,
935 2739 957 2798 i.
976 2757 1003 2798 c.
1023 2739 1152 2818 opnino.
1194 2739 1254 2800 bli-

279 2863 338 2903 nus
367 2844 510 2923 ineptum
543 2843 626 2903 enim
659 2855 753 2925 puto,
791 2845 835 2907 sic
861 2865 934 2906 casn
953 2846 1148 2926 distinguere
1169 2848 1255 2909 Gali·

279 2950 390 3013 dorum
414 2951 547 3033 mnjores
575 2952 660 3012 inter
689 2962 722 3013 et
749 2954 885 3014 minores
912 2953 1045 3029 hostias,
1088 2974 1180 3035 quam
1209 2955 1253 3016 de
1315 3027 1319 3032 ,

279 3059 435 3122 industria
453 3061 606 3122 lenonem.
649 3061 738 3139 Quod
758 3061 813 3122 alii
833 3061 964 3136 habent,
995 3072 1028 3121 nt
1046 3063 1158 3138 minis,
1183 3063 1255 3124 scil.

279 3170 400 3244 onibus,
441 3169 561 3250 duplici
589 3189 698 3245 sensu,
730 3170 832 3232 Latini
861 3171 1009 3232 sermonis
1028 3169 1149 3232 indoles
1169 3168 1257 3232 ferre

280 3296 344 3338 non
362 3277 499 3339 ridetur.
519 3311 561 3324 -

320 3383 371 3444 Vs.
392 3385 441 3444 98.
462 3405 530 3444 cuns
550 3386 776 3447 tintinnabulis
796 3388 909 3448 eximie
928 3385 1081 3467 explicuit
1102 3387 1197 3447 Gron.
1211 3384 1256 3446 de

281 3493 512 3568 instrumentis,
545 3495 660 3576 quibus
680 3496 841 3558 carnifices
860 3497 1013 3558 ornabant
1032 3496 1151 3563 noxios.
1193 3494 1256 3556 Pro

281 3600 480 3676 carnificibus
500 3601 580 3663 dixit
601 3605 701 3664 lanios
720 3612 829 3686 potita,
853 3605 941 3683 quasi
960 3602 1169 3675 uictimarios,
1192 3620 1254 3663 nec

282 3716 402 3783 tamen,
433 3718 470 3769 ut
498 3710 607 3791 adjicit
634 3714 684 3773 vir
712 3715 804 3788 clau,
836 3733 893 3793 pro
921 3712 1032 3773 hostiis
1060 3719 1162 3772 essent
1181 3729 1259 3790 grc-

281 3835 335 3896 ges
361 3816 520 3896 virgarum
548 3821 737 3895 ulmearnm,
779 3821 830 3882 vel
850 3821 957 3901 virgae
976 3819 1011 3878 in
1029 3817 1144 3880 fascem
1163 3815 1258 3878 colli·

280 3934 386 4005 gatae,
427 3926 573 4005 quoniam
601 3929 667 4008 ipsa
695 3929 767 3991 leno
797 3929 899 3990 hostia
928 3937 995 3989 erat
1020 3926 1163 3988 futurus:
1202 3924 1258 3985 sed
