2670 5146
622 303 678 380 84

233 543 398 614 Perfidias
414 568 422 612 :
447 556 508 625 ut,
533 543 734 631 ubicumque
749 564 823 610 oum
833 545 989 611 hostibus
1003 565 1153 635 congre·

712 658 810 740 (liar,
828 659 989 725 malornm
1000 684 1158 729 meorum

234 768 355 843 Fratue
368 777 495 841 virtuto
507 774 641 853 dicam,
665 794 739 839 mea
755 773 924 840 industria
947 789 980 839 et
991 774 1155 857 malitia,

895 890 1132 964 fraudulentia
1144 916 1154 961 t

235 1005 352 1074 Facile
365 1019 402 1070 ut
411 1003 677 1084 vineam,·iaoilo
688 1014 727 1069 nt
737 1004 879 1092 spoliem
891 1027 981 1071 meos
994 1005 1158 1093 perduel-

818 1119 868 1186 les
882 1123 967 1185 meis
980 1122 1157 1207 perfidiis.

237 1234 271 1305 N
273 1257 336 1303 uno
347 1237 524 1303 inimicum
536 1257 599 1324 ego
610 1234 697 1301 buno
711 1255 1038 1314 communem‚meum
1051 1248 1156 1325 atque

809 1365 961 1416 vostrum
977 1355 1126 1418 omnium
1141 1402 1152 1434 ,

175 1472 229 1537 10.
240 1466 429 1535 Ballionem
441 1463 670 1534 exballistabo
681 1464 795 1554 lapide
809 1490 818 1543 ς
849 1467 926 1533 (lato
937 1490 1071 1554 operam
1083 1490 1154 1535 mo-

754 1582 808 1648 (lo.
832 1582 906 1649 Hoc
919 1606 981 1672 ego
993 1586 1153 1672 oppidum

213 1838 264 1900 Vs.
286 1840 316 1899 6.
337 1837 644 1898 molomm.ntoomm
655 1857 666 1911 ;
696 1837 896 1898 usitatissima
915 1838 949 1896 in
969 1837 1019 1897 his
1037 1836 1151 1900 fabulis

174 1959 222 2010 est
247 1948 387 2029 phrasis:
428 1949 545 2008 vittate
571 1947 675 2008 asom
696 1956 728 2006 et
748 1951 901 2029 majorum
919 1966 1064 2008 ‚motam
1077 1951 1149 2028 soo-

174 2067 240 2117 tom
258 2069 305 2117 ost
323 2057 378 2117 boo
396 2056 445 2116 vol
460 2055 560 2147 illari:
587 2055 659 2115 vide
680 2055 751 2116 hul.
773 2056 802 2115 2.
826 2057 853 2116 l.
876 2056 932 2133 ll;
959 2056 1044 2117 Trin.
1067 2058 1098 2118 2.
1120 2058 1148 2119 2.

173 2166 233 2242 653
265 2167 353 2245 Capi.
374 2164 404 2225 2.
426 2164 456 2224 2.
479 2165 538 2240 7143
567 2164 837 2242 Pers.3.1.62;
870 2166 1119 2226 essaitha:

178 2334 182 2341 ,
212 2270 337 2332 Pietate
345 2272 470 2349 factum
491 2280 536 2328 est
555 2292 636 2342 meo,
657 2282 746 2352 atque
767 2277 917 2354 majorum
937 2278 1047 2334 metim.

174 2378 371 2438 Verissimam
388 2377 487 2455 igitur
505 2377 626 2438 Douzae
644 2378 684 2437 de
701 2379 761 2441 hoo
780 2381 849 2441 loco
867 2381 1044 2461 opinionem
1062 2391 1150 2462 puto.

172 2487 255 2549 Edit.
276 2485 383 2566 Steph.
403 2506 447 2546 vs.
468 2487 498 2547 2.
517 2504 562 2563 sq.
590 2487 772 2565 interpretis
792 2487 892 2549 vicem
913 2487 1035 2576 explet:

219 2596 381 2657 Veniunt!
416 2614 514 2673 noque
542 2596 705 2673 quiequam
722 2607 783 2669 oet,
813 2599 893 2674 qood
909 2596 1062 2670 dubitem,
1094 2616 1150 2657 tto·

684 2725 741 2782 que
760 2707 840 2782 quod
858 2707 981 2765 timeam
1000 2706 1149 2786 approdir

213 2810 266 2871 Ita
283 2831 348 2870 meo
365 2811 523 2871 eonditum
538 2832 625 2872 nono
644 2823 690 2873 est
707 2815 745 2874 in
758 2824 882 2895 pectore
900 2815 1073 2875 eonsilium.
1099 2851 1104 2859 ·

174 2919 276 2981 Sicuti
300 2929 334 2981 et
350 2939 397 2981 vs.
418 2921 446 2982 7.
466 2937 534 2999 sqq.

551 3032 720 3115 perfidior,
744 3043 780 3092 ut
798 3032 912 3111 ubique
928 3054 996 3094 eom
1013 3032 1152 3097 bostibttt

215 3141 424 3222 Conpredior,
453 3140 604 3202 malorum
629 3145 728 3200 metim
740 3142 849 3222 fretus
874 3143 1010 3202 virtute:
1032 3158 1072 3200 tte
1091 3141 1153 3202 onai

178 3308 182 3316 .
211 3252 326 3313 Dicam
350 3253 528 3326 industrio,
567 3261 598 3311 ot
624 3251 979 3331 molitiosroudulenti:
1005 3250 1150 3329 utsaoilo

927 3361 1065 3433 vincam,
1092 3371 1150 3421 eto.

213 3467 263 3528 Vs.
288 3468 336 3528 lo.
358 3467 557 3529 eobollietobo
578 3468 697 3552 lepide:
714 3470 736 3532 i.
756 3489 784 3532 e.
805 3469 930 3531 ballista
946 3468 1147 3549 expugnabo:

171 3583 254 3636 amat
271 3574 353 3636 hano
370 3577 584 3658 metaphoram
602 3579 746 3640 Plautus:
771 3577 842 3638 vide
861 3578 954 3638 Poen.
974 3578 1002 3638 1.
1023 3577 1050 3635 l.
1071 3575 1121 3637 73.

216 3681 297 3761 Quoi
306 3687 379 3765 jam
395 3686 569 3765 infortunii
586 3688 712 3750 intento
733 3686 858 3748 ballista
880 3698 926 3747 eet
938 3684 1044 3769 probe.

172 3800 206 3852 ot
230 3791 342 3877 Baooh.
369 3794 399 3854 b.
425 3795 455 3855 l.
474 3796 523 3858 58.
542 3796 664 3859 Fiotum
680 3816 745 3859 essa
763 3795 823 3859 hoo
840 3797 972 3859 verbum
990 3814 1029 3854 ox
1047 3795 1149 3855 nomi·

174 3921 214 3962 ne
230 3901 366 3976 lenonis,
393 3921 456 3963 non
472 3913 536 3977 ost,
566 3906 651 3983 quod
667 3884 817 3969 monoamss
