2670 5146
616 391 695 466 145

237 631 437 718 Priusquam
450 630 597 698 hinchic
609 633 751 722 Harpax
765 635 889 702 abierit
900 660 975 704 curn
987 640 1143 708 muliere.

175 749 228 811 15.
240 746 334 811 Perii
345 744 459 811 hercle
473 749 480 810 l
507 747 645 829 nimium
659 748 752 812 tarde
766 751 983 836 egrediuntur
992 756 1095 821 foras.
1205 768 1206 771 ’

240 860 306 928 Cor
328 858 499 948 colligatis
523 863 615 927 vasis
639 877 816 949 exspectat
837 888 970 947 meum,

244 976 283 1042 Si
306 998 371 1042 nou
395 976 514 1042 educat
536 975 713 1043 mulierem
735 1001 849 1045 secum
875 982 1003 1063 simul,

241 1091 288 1158 Ut
310 1072 485 1157 exulatum
508 1084 554 1158 ox
575 1106 710 1180 pectore
732 1097 887 1182 aufugiat
908 1120 994 1163 meo.
1087 1083 1090 1091 ’

241 1205 362 1272 Victor
384 1229 480 1274 sum:
503 1209 575 1272 vici
597 1222 711 1273 cautos
735 1211 890 1277 custodes
913 1235 1017 1279 meos.

281 1498 434 1568 acras
458 1499 638 1597 aarum
663 1500 813 1568 scrut
837 1502 1043 1579 ananan.
1153 1598 1155 1602 ι

318 1814 321 1819 ⁴
425 1750 641 1798 sucoPflAN'ri
656 1777 667 1810 5
690 1753 902 1798 PqunoLth.

241 1922 294 1992 No
315 1923 432 2010 plora:
458 1927 569 1990 nescis
594 1936 631 1988 ut
654 1945 708 1988 res
732 1926 803 2002 sit,
827 1924 1069 2002 Phoenicium

243 2039 369 2105 Verum
393 2038 482 2103 baud
504 2038 608 2103 multo
632 2050 710 2126 post
733 2040 816 2104 faxo
838 2039 944 2105 scibis
967 2042 1145 2107 accubans.

240 2152 316 2222 Non
340 2177 402 2242 ego
426 2169 458 2221 to
481 2155 522 2219 ad
545 2152 643 2221 illum
666 2154 750 2219 duco
773 2154 941 2220 dentatum
962 2157 1073 2221 virum

239 2271 558 2352 Macedoniensem,
584 2273 642 2359 qui
664 2285 698 2336 te
720 2293 806 2336 nuno
828 2270 963 2337 flentem
984 2275 1081 2338 facit.

197 2385 385 2474 5.Quojam
413 2410 489 2455 esso
511 2400 546 2454 to
567 2388 621 2452 vis
644 2403 820 2466 maxume,
844 2386 886 2451 ad
909 2410 982 2453 eum
994 2388 1078 2455 duco
1090 2402 1144 2459 te:

240 2501 435 2569 Calidorum
458 2503 547 2568 haud
569 2500 673 2567 multo
695 2515 772 2588 post
795 2503 874 2567 faxo
896 2501 1144 2590 amplexabere.

237 2596 291 2685 rs.
316 2615 408 2693 Quid
428 2631 464 2682 tu
487 2620 579 2682 intas
605 2639 728 2706 quaeso
753 2617 943 2683 desedistil
969 2619 1127 2706 quamdiu

239 2733 331 2800 Mihi
354 2756 410 2799 cor
432 2733 651 2799 retunsum’st
673 2734 891 2820 oppugnando
912 2737 1067 2821 pectore!

246 2879 287 2929 15.
308 2879 415 2928 tandem
432 2893 455 2930 e.
468 2880 496 2944 f.
534 2879 575 2929 lb.
594 2893 655 2926 cam
672 2877 805 2942 colliqatt’a
821 2893 847 2929 o.
866 2879 1018 2943 exspectabo
1034 2894 1104 2932 eam.

165 3020 168 3027 ,
247 2973 289 3026 18.
302 2975 407 3041 sapiat.
443 2973 470 3024 4.
489 2974 537 3038 qui
553 2973 674 3023 lenonem
684 2975 807 3038 flentem.
842 2973 868 3024 5.
888 2976 977 3039 cujum
996 2981 1021 3022 to
1039 2990 1104 3025 osae.

176 3096 232 3158 sed
253 3096 363 3158 Osann.
391 3096 479 3158 anal.
509 3096 584 3156 Grit.
614 3114 645 3173 p.
668 3097 724 3156 13t
742 3114 787 3175 sq.
809 3115 920 3174 magna
934 3094 1146 3174 exemplorum

177 3205 210 3265 vi
238 3205 399 3287 probavit,
428 3203 539 3285 pedem
568 3203 765 3281 trisyllabum
787 3202 820 3262 in
844 3204 958 3264 senarii
985 3203 1046 3263 fina
1072 3203 1148 3267 duas

177 3314 310 3394 syllabas
328 3334 436 3374 sonare
462 3315 496 3372 in
514 3313 791 3395 pronunciatione:
814 3312 854 3372 cf.
877 3311 961 3372 Asin.
983 3312 1012 3371 l.
1036 3312 1064 3371 1.
1086 3313 1146 3392 36;

167 3424 272 3484 ·Truo.
294 3423 323 3484 3.
345 3423 374 3482 2.
399 3421 453 3497 lt3
476 3423 561 3483 Trin.
586 3422 613 3481 l.
635 3422 664 3482 2.
687 3422 723 3495 3,
747 3430 781 3480 ct
800 3422 855 3494 56,
880 3420 966 3482 alibi.
1059 3406 1065 3417 ¹

219 3531 256 3593 V.
280 3533 328 3592 19.
355 3532 454 3591 victor·
474 3552 556 3605 sum,
587 3530 666 3603 vici,
697 3529 815 3602 ἐνίκησα,
847 3528 999 3590 exclamat
1017 3529 1145 3605 Pseud,

179 3639 246 3702 viso
264 3639 374 3714 Simia,
395 3638 561 3699 mulierem
586 3638 749 3699 educente.
792 3639 906 3697 Contra
922 3639 1035 3712 occidi,
1050 3639 1147 3721 parii.
1249 3700 1252 3707 ,

219 3747 271 3810 Vs.
292 3750 321 3809 7.
353 3749 520 3808 denedicti.-
548 3747 690 3807 desidere
714 3753 761 3806 est
792 3744 923 3804 otiosam
950 3767 1032 3819 osae,
1066 3747 1151 3807 nibil

180 3874 293 3936 opem
311 3855 387 3917 hinc
405 3857 508 3917 deses:
531 3856 572 3917 cs.
593 3858 662 3919 Tor.
682 3854 753 3915 liec.
772 3855 800 3915 5.
820 3855 856 3926 3,
878 3855 908 3913 2.

220 3963 270 4025 vs.
287 3961 323 4026 a.
339 3983 391 4024 cor
407 3969 610 4026 retaaaam’ot
619 3985 632 4040 ,·
653 3982 708 4026 cor
724 3961 925 4044 oppugnabat
938 3962 1150 4043 pactusPseu-
