2670 5146
744 360 794 436 72

288 644 291 649 -
333 600 523 671 Cavendum
536 600 801 670 eetmihlebste
814 604 1255 694 irateeetquealiotemode

266 725 322 789 60.
334 719 393 787 Me
414 720 617 798 verberare,
641 731 742 807 etque
764 740 827 807 ego
852 731 885 785 te
909 717 1026 799 soleo,
1050 726 1199 812 cogites.

330 856 386 902 ee.
412 834 504 912 Quid
530 834 678 900 censes?
700 832 820 922 edepol
831 837 952 901 merito
965 856 1043 903 esse
1059 836 1182 907 iratum
1193 850 1255 911 ari

1111 953 1225 1024 bitror
1238 990 1260 1039 ,·

329 1066 417 1134 Cum
437 1067 524 1154 apud
535 1078 568 1131 te
578 1084 695 1151 perum
708 1075 776 1130 etet
787 1060 887 1130 fides.
921 1087 965 1132 ει.
987 1066 1246 1152 Jemsiesino,

287 1306 291 1317 1
354 1241 399 1292 61.
427 1241 469 1293 Pe.
498 1240 569 1304 Quid
586 1238 694 1289 censes?
720 1237 780 1289 Sim.
800 1236 892 1303 edepol
914 1243 964 1289 ete.
1007 1237 1050 1290 62.
1073 1250 1250 1305 pervemat

472 1335 552 1400 fidei.

266 1446 378 1518 lethon
406 1456 462 1530 sit,
502 1452 684 1516 abundante
713 1456 783 1536 qui,
825 1454 907 1516 sicut
933 1454 1107 1519 Bacche.
1136 1459 1167 1520 3.
1195 1460 1245 1522 29.

265 1564 374 1628 Hercle
405 1565 483 1645 quin
512 1583 603 1635 vero,
645 1572 682 1624 ut
710 1564 899 1624 auctoritate
930 1565 982 1626 ed.
1010 1565 1105 1628 Aead.
1128 1566 1246 1632 nititur

264 1685 297 1735 et
317 1683 394 1734 vett.
417 1672 620 1753 quarumdem
641 1666 751 1746 edite„
775 1672 820 1733 ita
836 1672 947 1734 Plauto
967 1680 1014 1734 est
1034 1674 1242 1739 familiarissi-

264 1794 366 1845 mum:
389 1781 576 1844 Menaechm.
601 1783 629 1842 5.
650 1780 680 1842 9.
702 1781 763 1858 33;
794 1780 886 1842 Mero.
908 1781 937 1842 2.
960 1783 988 1844 3.
1013 1784 1060 1843 77.
1083 1783 1173 1846 alibi.
1225 1796 1242 1864 ,ᾗ

306 1894 357 1953 Vs.
388 1892 436 1953 60.
469 1889 652 1950 verberare:
691 1910 750 1970 ege
778 1889 862 1951 soleo
883 1899 915 1950 te
934 1891 1040 1972 flagris
1059 1892 1242 1971 verberare,

268 2010 303 2061 tu
337 2000 385 2059 vis
414 1998 494 2059 dolis
526 2007 657 2077 argento
685 2018 735 2058 me
767 2017 953 2078 emungere:
989 2000 1034 2060 sie
1063 2001 1147 2081 apud
1176 2004 1245 2065 Ter.

269 2114 393 2177 Phorm.
421 2116 459 2189 2,
491 2116 524 2188 2,
556 2115 593 2175 13
622 2113 838 2174 deverberasse
864 2134 960 2195 esque
987 2114 1029 2175 ed
1047 2135 1168 2192 necem,
1199 2126 1247 2180 est

265 2245 323 2306 per
359 2224 502 2284 fraudem
530 2232 562 2282 et
588 2223 776 2282 calumniam
802 2222 894 2282 bonis
921 2222 1080 2283 evertisse.
1131 2224 1245 2287 Eadem

265 2331 387 2392 ratione
403 2340 546 2408 tauqere,
563 2339 726 2411 pereutere
736 2375 744 2403 ,
760 2331 881 2407 ferire,
899 2330 1066 2412 juqelere,
1080 2332 1245 2393 interime·

267 2459 317 2510 re,
360 2437 523 2513 conficere,
564 2437 700 2496 lacerare
717 2447 753 2496 et
773 2438 902 2512 similia,
934 2459 997 2500 non
1018 2449 1167 2516 mortem,
1191 2441 1247 2504 sed

266 2565 360 2626 grave
388 2545 517 2625 aliquod
546 2544 692 2606 damnum
721 2544 873 2607 indicant.
904 2546 952 2608 eff.
981 2546 1055 2609 intt.
1085 2548 1126 2611 ed
1151 2549 1244 2632 Prop.

267 2655 326 2728 IV,
351 2656 385 2728 5,
411 2654 459 2714 66.
481 2652 609 2714 Ruhnk.
631 2654 671 2714 ad
691 2656 760 2715 Ter.
783 2654 898 2716 locum.

287 2786 289 2791 ·
307 2765 358 2824 Vs.
381 2763 430 2823 61.
453 2762 530 2842 quid
551 2761 683 2821 censes?
711 2763 808 2825 Locus
825 2763 878 2824 hie
897 2783 960 2824 non
978 2774 1025 2825 est
1042 2766 1240 2829 animadver-

268 2872 348 2933 sioni
372 2872 511 2931 virorum
537 2870 621 2932 doct.
650 2871 689 2932 ad
715 2872 805 2933 Cure.
836 2872 863 2932 l.
891 2872 918 2931 1.
939 2872 988 2932 59.
1030 2871 1162 2934 Admeto
1179 2874 1243 2938 hue

269 2981 345 3062 quid
370 2979 496 3041 eredis?
518 3000 556 3040 ex
585 2981 670 3062 Capt.
702 2981 728 3040 1.
755 2981 784 3040 2.
814 2979 882 3052 53„
908 2989 1079 3059 utrumque
1097 2981 1244 3045 existimo

269 3109 334 3151 esse
360 3089 502 3164 illorum,
535 3090 591 3168 qui
614 3088 745 3151 comiter
769 3089 865 3151 alium
889 3090 1003 3150 erroris
1027 3108 1160 3169 arguere
1187 3108 1243 3152 vo·

267 3199 353 3274 lunt,
374 3199 600 3280 significantes,
620 3198 708 3261 aliud
724 3198 784 3259 sibi
800 3218 979 3279 persuasum
998 3217 1073 3259 esse.
1116 3199 1177 3260 Nos
1193 3198 1244 3260 di·

269 3328 426 3370 caremus:
465 3311 581 3370 siccine
611 3307 730 3392 putes?
775 3309 863 3386 Quod
890 3308 916 3368 si
944 3324 1054 3368 verum
1079 3315 1144 3382 eet,
1186 3306 1243 3371 cd.

268 3417 361 3478 Aead.
387 3427 527 3493 secutus,
557 3416 636 3480 haee
659 3417 811 3480 voeabula
837 3415 987 3478 Pseudolo
1008 3415 1150 3477 tribuere
1173 3433 1242 3480 ma·

268 3523 333 3584 lim.

309 3630 359 3691 Vs.
381 3633 429 3693 62.
452 3654 520 3694 cem
538 3636 621 3719 apud
637 3644 666 3695 ee
680 3656 795 3719 parem
811 3644 871 3696 stet
880 3635 971 3715 fides.
1002 3634 1091 3711 Quod
1110 3634 1240 3697 Gruter.

268 3740 406 3799 numeris
441 3740 576 3804 dandum
606 3761 673 3804 esse
704 3752 827 3817 censet,
857 3751 917 3803 stet
935 3742 1104 3826 partemin
1129 3740 1241 3823 Steph.

268 3848 342 3908 edit.
366 3848 410 3910 sie
427 3849 554 3930 legitur.
606 3851 725 3914 Parem
745 3854 825 3934 fides
851 3871 909 3933 pro
930 3852 1010 3933 fidei
1033 3844 1161 3911 mininie
1185 3849 1241 3911 in·-

268 3957 395 4019 solitum
417 3968 482 4020 est:
519 3958 568 4023 eff.
593 3958 705 4026 Bacch.
731 3961 761 4024 6.
786 3962 814 4023 6.
842 3962 896 4040 Μς
925 3959 1012 4042 Epid.
1039 3962 1068 4023 2.
1097 3959 1126 4022 2.
1158 3956 1238 4037 112;
