2670 5146
621 311 677 387 54

229 561 312 632 Nisi
322 556 474 627 sununs
486 515 713 640 triegrendie
728 551 919 639 tergoribus
926 557 1147 645 onesiphori,

1045 673 1151 744 hodie

172 791 454 869 tremuerunt,
467 807 542 854 cres
555 796 589 850 te
601 783 701 872 quusi
712 781 852 875 Dircam
863 782 963 868 clim,
977 800 1015 854 nt
1025 809 1152 858 memo-

960 916 1059 986 rent,
1084 906 1151 972 duo

235 1021 340 1091 (inuti
356 1019 455 1086 Jovis
478 1017 666 1084 devinxere
688 1012 732 1080 ed
752 1026 919 1097 teurnm‚.
943 1016 1029 1084 item
1050 1019 1154 1090 hodi„

583 1132 747 1218 stringam
757 1128 800 1195 ed
812 1133 1021 1200 carnarium:
1035 1133 1073 1200 id
1086 1136 1153 1204 tibi

238 1250 394 1318 Profecto
407 1260 521 1316 murus
532 1243 605 1312 fiet·
628 1266 681 1311 ns.
691 1241 807 1312 Nimis
820 1266 973 1341 sermone
984 1246 1090 1336 hujus
1101 1251 1155 1318 ire

977 1364 1122 1433 incendo
1143 1411 1153 1433 .

240 1481 417 1549 Hunccine
444 1478 502 1544 hic
524 1474 692 1542 hominem
713 1474 786 1562 peti
806 1474 918 1545 colere
937 1389 1154 1565 juventutedn

894 1604 897 1613 '
979 1592 1155 1663 Atticemi

263 1766 308 1822 64.
326 1767 383 1818 trio
398 1764 523 1832 pseudo.

179 1947 307 2010 videtur
327 1945 573 2010 construendum
593 1965 664 2007 curn
683 1945 857 2008 insolenter
875 1947 1083 2027 praecedente
1095 1954 1156 2034 jo-

182 2057 294 2133 rande,
324 2055 379 2118 sed
405 2069 477 2119 curn
501 2075 548 2136 sq.
568 2052 658 2116 molo.
701 2051 817 2115 Jorore
835 2055 909 2136 jure
929 2054 1009 2116 molo
1028 2066 1076 2118 eet
1086 2057 1157 2138 sol·

182 2187 250 2228 eom
261 2170 396 2249 jurare,
418 2168 575 2248 pejerare.

220 2275 386 2336 Leniorum
414 2292 513 2352 genus
538 2271 624 2334 haud
652 2271 716 2333 scio
744 2280 852 2333 utrum
871 2272 995 2334 cunctis
1014 2273 1159 2338 Romanis

182 2381 318 2442 invisum
338 2380 494 2442 exstitisse
514 2379 682 2444 dicendum
701 2379 756 2455 sit,
787 2400 827 2442 an
846 2381 991 2443 Plautum
1010 2381 1071 2445 hoc
1089 2382 1160 2444 odi·

183 2509 237 2550 um
264 2488 413 2570 privatim
439 2488 567 2569 gessisse
586 2489 797 2570 pronunciare
817 2488 965 2553 debeam:
998 2489 1052 2553 hic
1072 2499 1162 2553 certe

184 2597 257 2658 illos
277 2596 385 2659 eodem
407 2597 478 2659 loco
496 2596 593 2658 hahet
612 2617 649 2659 ac
668 2596 816 2684 icuooes:
845 2598 914 2678 huj.
935 2597 999 2661 seb.
1023 2599 1050 2661 1.
1070 2599 1162 2662 3..97

183 2706 369 2784 carnificum
394 2705 464 2766 vice
492 2703 689 2786 funguutur:
728 2706 769 2768 cf.
802 2709 888 2788 Gept.
909 2707 938 2769 d.
960 2709 989 2769 2.
1011 2707 1066 2783 38,
1089 2716 1162 2792 sqq.

184 2812 271 2874 alibi.
329 2811 390 2873 Sed
424 2832 466 2874 ne
502 2813 547 2875 sic
574 2814 702 2894 quidem
729 2833 762 2876 se
790 2813 1007 2876 commendere
1034 2823 1158 2896 potest,

183 2921 269 3002 quod
288 2921 425 3001 conjecit
443 2919 548 2986 Doune
569 2923 706 3004 eapte.
730 2922 759 2984 1.
781 2923 829 2985 15.
863 2922 865 2926 ’

224 3031 276 3093 Vs.
297 3031 348 3094 65.
369 3031 511 3092 Dircam.
554 3030 607 3092 Sic
626 3031 748 3112 saepius
766 3038 878 3113 poeitae
897 3031 1022 3094 nomina
1040 3033 1159 3096 Graece

186 3140 407 3203 terminatione
426 3139 536 3202 Latine
556 3137 711 3201 scribunt.
751 3139 879 3201 Plautus
899 3139 995 3201 hebet
1019 3139 1157 3216 Circam,

190 3247 394 3333 Penelopam,
423 3257 486 3311 etc.
508 3256 542 3309 et
562 3247 645 3329 opud
666 3248 770 3310 Horat.
791 3247 886 3330 Epod.
904 3248 952 3310 17.
973 3248 1021 3310 17.
1036 3247 1071 3308 in
1087 3247 1162 3329 qui·

185 3356 315 3420 busdam
334 3357 425 3419 editt.
447 3358 584 3440 legitur:
616 3356 736 3418 colente
760 3358 861 3420 Circo.
1157 3388 1160 3399 ·

229 3445 280 3525 Vs.
311 3464 359 3525 68.
387 3464 501 3541 colere,
543 3484 602 3546 pro
629 3464 779 3541 incolere,
818 3466 937 3547 clepere.
980 3463 1108 3526 Veteres
1127 3463 1163 3524 in

126 3613 129 3618 -
188 3571 311 3633 finitive
339 3571 388 3633 uti
416 3573 518 3635 solent
542 3573 577 3634 iu
604 3572 874 3656 indignationibus
894 3583 927 3636 et
946 3571 1162 3636 admirationi·

185 3679 259 3754 bus,
291 3679 349 3761 qui
378 3687 482 3743 temen
502 3681 620 3764 pendet
641 3683 681 3747 ab
701 3683 867 3744 intellecto
887 3678 1073 3743 incredibile
1093 3689 1157 3750 est,

184 3789 361 3850 mirandum
390 3799 452 3865 est,
482 3792 533 3853 vel
562 3791 663 3854 simile
691 3789 786 3874 quid:
817 3790 858 3852 ci.
889 3790 984 3852 Gron.
1005 3787 1090 3852 Obss.
1112 3786 1157 3849 11.

188 3894 244 3973 Η.
274 3905 308 3958 et
328 3897 394 3973 111,
426 3897 466 3977 ⁰3
496 3897 576 3961 an.
598 3899 739 3963 adulor.
762 3899 795 3974 Ι,
829 3899 877 3960 11.
898 3898 915 3977 ἦ
935 3897 965 3960 9.
