2670 5146
642 398 695 473 96

151 696 154 701 .
186 649 310 713 want.
333 608 432 708 Nunc
443 639 526 729 quitl
535 639 615 705 vit
637 662 689 707 es.
700 639 889 708 Dormitum
901 657 938 710 ut
949 645 1064 715 abens.
1085 656 1160 718 us.

523 753 630 822 Abeo.
653 777 705 822 ns.
718 755 831 845 Atque
842 758 955 827 eudin’
969 760 1158 866 llnrpegel

247 873 336 941 Iube
347 874 398 938 sis
411 885 445 937 te
456 872 625 959 opperiri:
640 870 757 939 beatus
770 877 840 941 eris
852 878 885 941 si
898 878 1157 951 oonsutlnvenis.

286 1126 440 1198 Aenus
465 1124 670 1194 SECUNDI
694 1125 845 1194 SCENA
867 1128 1059 1202 TERTIA.

563 1351 774 1398 Psnunonttt.

246 1508 295 1576 Di
306 1501 512 1572 immortales
525 1507 533 1569 l
548 1507 760 1571 conservavit
771 1525 824 1573 me
836 1503 911 1572 illie
922 1504 1020 1573 homo
1030 1508 1156 1577 adven·

1017 1636 1055 1689 tu
1068 1647 1131 1693 suo
1143 1649 1152 1695 t

247 1739 315 1806 Suo
325 1738 452 1804 viatico
464 1735 603 1801 reduxit
614 1757 667 1803 me
679 1758 786 1825 usque
798 1738 844 1803 en
857 1761 969 1805 errore
981 1741 1018 1804 in
1028 1743 1134 1808 viem.

244 1852 330 1923 Nam
352 1855 427 1941 ipsa
447 1851 533 1917 mihi
545 1850 786 1940 Opportunitas
799 1875 864 1919 non
874 1857 985 1940 potuit
998 1870 1154 1943 opportu-

1073 1974 1151 2039 nius

219 2166 269 2226 Vs.
293 2165 341 2226 70.
363 2180 450 2221 euno
468 2161 544 2241 quid
560 2158 632 2219 eie?
661 2159 781 2240 Optime
797 2169 904 2221 monet
919 2161 1068 2238 nothius,
1087 2185 1152 2229 me·

179 2277 211 2336 le
236 2273 281 2333 sie
307 2271 400 2330 edere
423 2268 584 2347 vulgatas:
622 2266 656 2326 in
690 2275 769 2327 vett.
790 2268 952 2330 nonnullis
969 2269 1061 2332 editt.
1079 2292 1152 2354 gen·

179 2400 305 2444 menum
322 2378 455 2457 legitur:
478 2375 630 2456 numquid
647 2374 718 2434 eis?
735 2374 820 2452 quod
836 2385 969 2456 petrono
986 2398 1052 2441 non
1069 2389 1151 2462 eget.

220 2489 270 2550 Vs.
291 2488 339 2549 71.
361 2468 468 2545 beatus
487 2486 572 2545 eris:
603 2483 695 2544 beate
722 2484 781 2544 tihi
802 2485 878 2560 erit,
910 2496 1035 2566 gratum
1054 2489 1151 2552 hobe-

133 2582 140 2591 ’
179 2599 244 2672 bis,
272 2595 299 2657 si
319 2592 549 2655 oonsuduveris.
590 2591 690 2654 Beate
713 2592 797 2673 apud
820 2594 956 2657 Gomleos
974 2596 1153 2676 significare

178 2716 268 2788 qruto
287 2704 383 2763 aliosi
404 2703 505 2762 disere
524 2701 576 2760 vel
587 2703 714 2782 faeere,
737 2703 932 2764 notissimum
952 2714 1011 2766 est.
1053 2707 1152 2770 siede

178 2814 249 2874 cibo
275 2812 394 2872 dieitur
421 2830 480 2891 pro
500 2810 662 2884 delectare,
698 2812 783 2892 Cepi.
807 2812 842 2885 1,
865 2813 902 2885 2,
925 2814 976 2875 iil.
1019 2814 1148 2891 Nescio,

177 2921 254 3004 quid
281 2920 397 3001 impuri
424 2919 459 2979 in
487 2918 632 2982 Pseudoli
656 2918 759 2980 verbis
779 2919 1021 3002 deprehenderit
1040 2923 1150 2986 nanu.

175 3030 253 3094 lev.
273 3031 325 3092 XI.
348 3030 378 3092 6.

217 3141 267 3202 Vs.
289 3141 319 3201 2.
340 3140 505 3212 viaticum,
528 3137 646 3215 ἕΦόΣιον,
669 3146 788 3199 sumtus
807 3138 894 3200 vioe:
916 3138 969 3200 hio
978 3145 1151 3203 tamenne

176 3251 291 3310 viatico
318 3256 406 3310 reete
434 3248 698 3327 interpretantur,
730 3265 785 3307 suo
814 3255 937 3308 sumtu:
966 3266 1025 3308 neo
1044 3257 1153 3311 temen

176 3356 337 3438 proverbii
354 3356 488 3438 speeiem
497 3354 606 3429 hebet,
630 3354 724 3415 sicuti
732 3353 891 3434 adjicitur.
922 3353 1055 3414 Multum
1063 3356 1151 3417 enim

174 3466 281 3528 abesse
304 3465 414 3539 eredo,
453 3475 490 3526 ut
516 3464 593 3526 haee
611 3465 698 3526 notio
714 3463 814 3524 subsit
829 3464 927 3524 verbo
944 3462 1147 3544 simplieiter,

175 3574 265 3636 nulle
278 3574 401 3635 ratione
418 3574 526 3636 habite
541 3583 717 3636 contextus.
745 3572 801 3634 llio
818 3572 1077 3635 automedonta
1093 3590 1151 3637 etto

175 3680 296 3762 Harpax
321 3693 558 3746 conservaverat
582 3683 786 3747 Pseudolum:
817 3702 873 3743 suo
895 3680 996 3762 igitur
1011 3676 1177 3754 itinere,'

173 3800 340 3872 sumtuque
364 3793 488 3854 itineris
512 3794 676 3855 redueerot
700 3793 739 3851 ie
761 3792 845 3852 elom
861 3809 957 3871 osque
975 3808 1013 3850 ee
1030 3808 1148 3850 errore.

177 3899 277 3981 llsqoe
304 3901 348 3963 sio
369 3901 456 3964 houd
479 3904 574 3964 semel
600 3911 719 3965 motum
743 3901 784 3962 de
803 3901 873 3963 looo
892 3908 991 3962 notat.

211 4009 261 4071 Vs.
285 4010 314 4072 3.
346 4008 463 4071 allato:
493 4030 532 4071 ex
552 4011 734 4091 conjecture
751 4007 864 4091 lipsii3
900 4007 967 4070 llss.
989 4006 1028 4069 etl
1048 4026 1149 4068 unum
