2670 5146
249 460 284 502 Vl
694 462 779 474 ‘'⁶''

249 664 341 726 ticos
364 658 529 737 saepius,
566 651 688 714 deinde
712 649 998 728 Mostellariam,
1034 653 1219 724 Menaech-

247 795 341 852 mos,
376 771 532 836 Militem
568 764 696 845 Grac,
732 767 951 846 Rudentcm,
989 767 1219 836 Trinummum

238 895 315 976 jam
332 886 470 971 pridem
493 887 668 948 inuenisse
691 881 856 948 videbam.

246 1004 292 1071 In
316 1000 491 1068 condendo
515 997 579 1062 dac
604 995 736 1076 sabulo
762 1000 955 1082 exemplum
978 1000 1145 1067 Graecum
1168 1025 1220 1066 se-

248 1128 363 1182 cutum
406 1135 479 1178 esse
512 1114 706 1192 Plautum,
756 1134 953 1199 quamquam
987 1136 1054 1179 non
1090 1118 1221 1185 diserte
1274 1091 1275 1096 ἵ

246 1251 418 1298 monemur
429 1253 444 1304 ‚·
469 1231 579 1294 morlta
603 1237 716 1292 tomen
738 1230 869 1294 adsunt
890 1235 1041 1314 oestiqio
1060 1230 1219 1312 Graeco,

246 1347 346 1412 adest
367 1334 532 1428 inprimis
556 1349 651 1408 ratio
676 1344 937 1426 Grammatico,
962 1369 1049 1432 quae
1072 1368 1135 1411 nos
1158 1348 1221 1413 da·

247 1463 361 1528 ditare
396 1482 464 1525 non
497 1466 614 1526 sinit:
660 1481 707 1525 en
730 1482 795 1546 quo
820 1481 900 1524 vero
920 1467 1029 1546 poeta
1051 1483 1221 1547 cupresso

246 1583 321 1656 sit,
356 1583 557 1650 incertum·
603 1576 719 1640 solent
762 1577 922 1641 indicare
958 1577 1020 1643 doc
1046 1580 1220 1665 proloqi5

245 1693 307 1758 sed
338 1693 509 1757 Pseudoli
543 1692 761 1772 intercedit,
797 1698 959 1778 enceptis
989 1694 1119 1761 duobus
1136 1718 1220 1781 pos-

247 1815 367 1876 tremis
391 1808 570 1888 versibus,
611 1809 810 1888 confectis,
846 1819 889 1874 ut
909 1821 1085 1896 apparet,
1118 1819 1157 1876 in
1181 1833 1219 1876 u·

244 1946 316 1990 sum
340 1930 514 2010 repetitae
527 1923 679 2003 fabulae
701 1903 883 1992 actionis.-
908 1948 984 1991 nom
1007 1926 1218 1992 Pseudolum

244 2051 482 2119 cantantum
515 2046 656 2127 saepius
689 2051 801 2108 actam
826 2043 947 2120 fuisse
982 2048 1137 2108 novimus
1170 2066 1216 2110 en

247 2157 414 2224 Cicerone
449 2158 526 2243 (6),
560 2180 623 2244 qao
656 2169 838 2243 spectante
867 2162 1018 2225 Roscius
1040 2160 1218 2225 Ballionis
1269 2213 1271 2217 ,

236 2283 364 2361 partes
392 2282 535 2356 cqerot,
582 2275 643 2337 sed
665 2275 705 2338 de
728 2277 814 2340 aliis
837 2296 967 2361 quoqne
989 2278 1028 2338 in
1048 2275 1210 2357 proloqis

243 2390 425 2455 luculento
461 2392 663 2454 testimonio
707 2388 877 2456 dabamus.

284 2501 476 2589 Superest,
512 2512 556 2568 ut
572 2507 731 2588 pauculo
748 2506 945 2592 proloquar
968 2505 1008 2569 de
1031 2509 1213 2571 instituti·

243 2641 305 2685 oue
338 2619 442 2703 iuiros
487 2624 711 2706 speciminis,
757 2622 863 2708 deque
907 2622 1079 2698 consilio,
1124 2621 1215 2707 quod

241 2736 325 2801 miii
358 2742 396 2801 in
429 2759 466 2800 eo
490 2736 711 2817 informando
741 2742 999 2824 proposuerim.

284 2851 330 2916 1n
364 2861 468 2918 teuto
502 2854 772 2934 constituendo,
812 2862 876 2931 ut,
913 2853 1004 2940 quod
1022 2874 1208 2940 sequerer,

243 2968 397 3034 iuberem
421 2971 636 3053 exemplum,
661 2991 744 3035 usus
767 2991 839 3035 sum
862 2969 1017 3034 editione
1041 2969 1210 3034 Gronovii

241 3091 327 3150 anni
343 3086 451 3163 tuoe,
476 3107 598 3172 aqua,
625 3095 792 3173 tamqnam
806 3109 826 3149 o
839 3090 952 3170 moqni
967 3089 1116 3150 nominis
1138 3090 1209 3148 cri·

244 3205 313 3266 tico
330 3202 520 3287 profecta,
547 3207 659 3269 tironi
683 3203 858 3266 discedere
881 3200 1139 3287 haudquaquam
1164 3199 1209 3261 li·

242 3339 319 3381 cere
343 3317 542 3382 arbitratus
564 3338 665 3383 sum:
689 3319 794 3383 semel
809 3326 945 3383 tantum
967 3318 1025 3380 vel
1046 3313 1122 3390 bis,
1148 3311 1206 3377 nii

242 3442 365 3496 contra
379 3410 456 3496 Mss
468 3437 720 3498 anctoritatem
744 3437 916 3498 intrusam
930 3430 1084 3496 coculam
1096 3447 1209 3511 enpu-

245 3548 299 3625 ii,
330 3551 488 3634 quoniam
514 3550 619 3614 lectio
648 3547 816 3616 librorum
840 3551 914 3614 loco
939 3546 1062 3612 melius
1085 3563 1208 3607 consu-

242 3663 314 3727 lere
327 3663 492 3742 uidetur,
515 3668 554 3727 in
580 3666 716 3730 notulis
739 3667 930 3749 diliqenter
948 3663 1093 3734 mannis
1119 3659 1210 3745 quod

240 3782 346 3842 etiam
359 3779 499 3856 factum
519 3760 648 3863 paucis
671 3784 756 3849 aliis
780 3784 891 3858 locis,
918 3776 1128 3845 ostenden
1157 3796 1209 3838 se·

273 4037 312 4104 (6)
328 4037 358 4088 In
376 4044 440 4089 orsi.
459 4055 506 4104 pro
524 4041 598 4091 Rocc.
618 4042 687 4091 Com.
706 4041 732 4093 7.
