2670 5146
579 350 583 361 ’
626 390 707 466 mo

238 639 321 704 Eum
344 639 379 700 in
401 637 535 702 odoram
557 647 674 698 coenat
698 631 856 719 Iuppiter
879 634 1020 703 cotidie.

238 774 294 818 ut.
310 750 402 817 Odor
414 751 573 816 demissis
582 747 742 836 pedibuai
755 769 809 814 co.
823 749 967 817 Peccavi
981 755 1152 826 inaniens.

176 869 230 936 tu.
244 891 300 935 uu.
316 866 407 943 Quid
420 866 497 933 asti
531 888 586 931 co.
612 863 701 940 Quia
714 866 802 929 euim
814 863 973 933 demissis
995 872 1153 941 manibus

916 981 1011 1049 volui
1026 987 1152 1056 (licere.

240 1122 295 1164 aa.
321 1097 361 1165 Si
372 1117 535 1185 nusquam
549 1098 580 1162 ia
597 1110 750 1175 coctum,
772 1096 928 1184 quidnam
940 1102 1155 1193 ecanatan-

1034 1220 1152 1304 piterl

241 1353 295 1396 co.
321 1329 354 1396 It
376 1331 571 1393 incoenatus
590 1326 751 1392 cubitum.
775 1349 832 1392 nn.
858 1328 874 1394 Ι
897 1329 1061 1398 inmalam
1078 1358 1150 1401 cru-

1068 1472 1150 1516 cem.

191 1573 195 1581 '
241 1561 410 1627 Istaccine
434 1580 554 1623 caussa
579 1556 646 1622 tibi
670 1556 770 1621 hodic
794 1579 961 1624 nummum
985 1562 1095 1630 dabat

231 1670 296 1741 cn.
319 1675 440 1739 Fateor
450 1672 605 1761 equidem
616 1692 756 1738 assume
768 1694 906 1761 coquom
918 1679 1148 1748 carissumum:

174 1796 231 1858 60.
242 1791 376 1856 Verum.
392 1811 451 1875 pro
474 1789 584 1874 pretio
609 1789 725 1867 facio,
751 1802 787 1852 ut
812 1811 911 1877 opera
934 1808 1092 1878 appareat

240 1903 340 1982 Mea,
355 1922 419 1991 qun
431 1903 614 1969 conductus
626 1904 720 1968 veui.
744 1924 801 1968 nt.
825 1902 1149 1998 Adfurandumqui·

1065 2025 1150 2091 (lem.

234 2159 289 2203 co.
312 2135 369 2202 An
393 2137 549 2200 iuvenire
572 2131 727 2220 postulat
755 2126 951 2222 quemquam
974 2158 1141 2225 coquum,

259 2337 303 2388 ⁶2.
321 2337 449 2387 dimissis.
485 2336 528 2387 55.
547 2335 619 2386 abeat
636 2337 718 2386 enim.
756 2336 799 2386 59.
813 2337 1169 2407 fateormeaaaeoquam.'

241 2432 304 2482 ‘62
323 2445 360 2480 un
378 2437 409 2480 tu
426 2432 447 2480 i.

174 2584 242 2645 acil.
261 2602 325 2644 non
340 2581 412 2642 ideo
431 2581 546 2642 mirum
563 2591 657 2659 atque
675 2582 925 2664 inexspectatum
944 2587 1154 2653 lcucni'acci·

176 2694 239 2766 dit,
271 2691 355 2768 quod
373 2689 489 2750 inferos
513 2691 558 2750 sic
582 2690 708 2751 odorem
731 2702 915 2754 coenaturos
932 2695 1152 2777 intelligebat,

100 2871 102 2876 ¹
177 2801 231 2861 aed
248 2803 323 2877 quia
347 2798 482 2860 alterum
499 2796 582 2856 illud
597 2798 739 2858 demittit
761 2801 904 2860 manibus
917 2796 1034 2882 ‘fugero
1054 2806 1154 2868 trala-

160 2908 285 2979 titium
310 2917 343 2969 et
368 2907 505 2968 omnium
524 2924 665 2967 sermone
682 2892 998 2988 pervulgatnm'erat.
1041 2914 1093 2975 Sic
1112 2915 1152 2976 E-

177 3017 242 3100 pit.
261 3018 291 3079 3.
311 3017 340 3078 l.
360 3016 406 3078 16.
842 3019 934 3077 immo
953 3020 981 3078 εἰ
998 3021 1111 3081 audian

244 3126 329 3187 Meua
342 3143 483 3206 paunus,
494 3125 609 3204 'fugiat
627 3126 771 3186 munibus
789 3125 931 3192 demissis
947 3110 1079 3189 domam.

177 3235 292 3297 Eadem
308 3233 375 3294 sere
392 3232 520 3293 notione
537 3232 669 3319 dicimus
683 3236 847 3321 immittere
861 3235 1011 3311 habenas,
1030 3238 1153 3299 radec-

178 3355 244 3405 tea:
262 3344 303 3406 cl.
323 3343 440 3404 Victor.
459 3339 530 3404 Van.
550 3341 636 3403 lect.
653 3342 732 3404 XXI.
752 3344 781 3404 2.

68 3438 71 3446 ¹
218 3453 267 3512 Vs.
289 3453 339 3513 53.
361 3472 427 3510 eum
444 3451 481 3510 in
498 3448 638 3511 odorem:
665 3449 733 3513 Mas.
752 3451 812 3525 aic,
843 3451 894 3512 vel
910 3460 1058 3533 corrupte
1076 3473 1151 3516 eum

178 3559 346 3633 modorum
377 3579 395 3621 a
420 3558 533 3637 quibua
557 3577 621 3620 uon
638 3558 895 3622 deflectendumz'
912 3581 983 3622 nam
999 3561 1082 3623 idem
1101 3563 1153 3625 fa·

177 3684 212 3725 re
230 3665 394 3743 estquod:
424 3677 583 3728 coenatum
597 3669 624 3727 it
641 3668 678 3728 t'a
695 3668 830 3741 odoram,
853 3668 997 3728 catillum
1015 3679 1161 3750 captae-1

175 3775 258 3834 dam.
301 3774 401 3834 Nolim
426 3784 529 3837 tamen
555 3797 625 3839 cum
644 3776 741 3838 Perit.
761 3776 799 3837 ad
817 3777 921 3838 sanct.
941 3776 1013 3837 liin.
1034 3776 1096 3839 111.
1116 3760 1149 3841 3.

175 3905 206 3966 p.
226 3876 318 3956 Ι431,
353 3882 518 3958 affirmare,
553 3886 591 3945 in
621 3886 646 3946 ai
678 3884 775 3958 absit,
811 3885 1052 3964 intelligendum
1066 3885 1150 3947 -fcrc

175 4004 259 4056 cana:
288 4000 416 4075 propter
438 4001 573 4059 matrum
598 4003 700 4056 tamen
717 3993 806 4055 -idcm
823 3993 951 4078 prebat,
981 3991 1177 4075 exampliu,
