2670 5146
558 340 644 401 -'···-·
1033 366 1082 412 vn
1126 426 1128 428 Ι

109 571 237 638 euius,
261 560 354 625 alias
376 577 547 642 personas
569 564 741 642 opposui,
767 583 864 646 quam
890 586 952 650 que
976 569 1079 652 orslqo

109 681 240 765 apponi
262 677 391 740 solent.
450 671 521 737 Hic
555 674 637 737 illie
670 695 800 760 qnoque
827 700 974 761 pravam
1010 683 1081 749 dis.

112 796 341 868 tinctionem,
393 786 575 853 erroribus
607 791 873 876 typographicis
905 802 1085 864 inanimam

108 917 244 996 partem
269 904 511 981 tribuendam,
536 905 716 969 emendare
738 919 885 972 conatus
909 933 996 977 soom.

159 1025 319 1090 Ceterum
343 1027 381 1087 in
404 1021 555 1105 adjectis
578 1022 716 1086 notulis
737 1044 778 1086 ea
801 1023 885 1088 milei
910 1027 1082 1107 lenfuit,

111 1151 177 1216 ot,
213 1160 298 1226 quae
333 1136 374 1202 ab
398 1134 656 1220 interpretibus
679 1147 773 1202 recte
796 1146 961 1224 suposita
986 1145 1081 1210 vide-

113 1278 207 1335 sem,
257 1259 396 1320 intacto
440 1252 695 1338 relinquerem,
741 1253 782 1330 de
821 1254 1083 1348 difficilioribus

115 1381 253 1440 tontum
281 1375 410 1458 paucis
444 1389 572 1452 aqens,
606 1389 691 1455 quae
724 1374 831 1434 etiam
854 1383 942 1457 post
962 1374 1084 1443 doctas

112 1510 216 1555 curas
240 1509 304 1552 sua
340 1488 418 1552 luce
446 1506 567 1550 carere
590 1484 777 1550 censebam.
825 1485 988 1554 Codicum
1024 1512 1082 1557 oa·

112 1608 248 1671 riantes
265 1651 267 1658 ·
282 1605 452 1668 lectiones
483 1604 692 1686 potissimae
715 1603 896 1681 indicaui,
943 1592 993 1669 de¹
1006 1613 1082 1693 qai.

112 1719 173 1784 bus
218 1719 368 1783 aliorum
411 1721 622 1781 senteutiam
650 1738 761 1802 parce
794 1739 1078 1801 commemorans,

114 1853 362 1918 nonnumquam
395 1852 497 1895 meam
528 1831 663 1897 addidi.
709 1830 819 1916 Saepe
855 1843 965 1899 tomen
980 1838 1083 1919 judi·
1177 1828 1182 1841 ’

113 1953 203 2015 cium
236 1933 396 2014 cohibere
428 1947 560 2026 malui,
595 1966 692 2032 quom
728 1955 852 2011 temere
886 1946 1082 2030 offirmare,

113 2065 204 2153 quod
236 2073 280 2128 ut
309 2065 466 2140 iunonem
488 2070 583 2127 certe
606 2065 741 2126 minime
764 2061 885 2142 decet,
921 2068 976 2128 ita
1000 2067 1083 2131 lite·

115 2185 168 2248 ris
191 2180 305 2246 obesse
321 2183 469 2266 potius,
494 2198 591 2266 quom
607 2178 777 2264 prodesse
799 2182 977 2245 existimo.
1020 2179 1083 2247 In·

114 2305 308 2382 terpretum
337 2293 535 2379 palmarias
571 2294 733 2381 quasdam
762 2297 985 2380 conjecturas
1008 2295 1085 2361 bre·

113 2415 208 2478 aiter
241 2416 427 2490 recensui,
461 2415 641 2475 rarissime
663 2430 753 2474 meas
776 2430 980 2494 proponere
1003 2431 1085 2476 con·

105 2528 264 2608 fidentia
287 2525 384 2606 fuit.
438 2525 492 2592 De
525 2547 562 2590 re
595 2531 742 2591 metrica
776 2524 986 2605 difficillima
1013 2527 1083 2593 ille

115 2644 276 2732 quidum,
310 2651 349 2709 et
379 2647 417 2707 in
446 2639 581 2707 Plauto
597 2651 753 2727 propter
772 2650 944 2726 corrupta
966 2661 1081 2706 enem-

109 2762 177 2847 pla
210 2768 249 2826 et
279 2762 364 2825 mire
400 2758 560 2825 turbatos
596 2778 718 2823 uersus
752 2757 811 2821 uel
832 2760 1000 2842 inprimis
1022 2777 1082 2823 or-

115 2875 208 2957 due,
243 2863 360 2942 dicere
380 2877 589 2963 supersedi,
622 2883 867 2961 praeterquam
887 2878 926 2938 in
948 2870 1081 2939 danobi-

116 2994 168 3057 eis
190 2999 229 3056 et
250 2988 453 3057 Trocdaicis
477 2995 702 3071 octonariis,
739 2991 780 3055 de
815 2987 938 3076 quibus
973 2993 1082 3054 certi-

104 3120 181 3172 'ora
205 3108 334 3191 offerri
349 3116 515 3194 possunt.
685 3099 690 3107 ’

160 3222 340 3288 Perleetis
359 3233 473 3289 autem
494 3223 623 3289 Plauti
636 3221 803 3303 fabulis,
836 3221 993 3306 plurima
1016 3225 1084 3285 eti·
1175 3262 1177 3267 -

119 3359 252 3404 aeonum
284 3360 465 3426 superesse
487 3345 661 3425 opparint
691 3342 729 3402 in
746 3345 857 3423 parte
879 3333 1086 3401 Grammati·
1138 3396 1143 3405 .

118 3475 182 3533 ca,
212 3459 406 3541 praecipue
427 3476 508 3520 uero
532 3459 572 3520 in
593 3459 748 3533 critica,
783 3473 869 3539 quae
892 3438 1010 3517 euram
1034 3451 1088 3517 di·

122 3571 343 3654 iiqentiorem
374 3579 578 3649 morantur,
614 3579 652 3635 et
673 3570 816 3634 muitum
838 3565 954 3631 abesse
971 3575 1087 3653 puto,

119 3693 163 3750 ut
194 3686 353 3753 Plautus
387 3692 508 3754 nativo
537 3688 723 3773 splendore
745 3684 906 3763 clareat,
942 3688 1003 3770 qui
1025 3683 1088 3747 du·

118 3798 198 3867 dum
229 3803 317 3869 aliis
335 3811 405 3887 est
426 3806 630 3869 restitutus.
680 3799 780 3879 ezaon
803 3821 884 3865 uero
907 3819 982 3865 cun
1007 3820 1089 3864 con·

109 3916 261 3994 firmata
301 3928 399 3986 netas
434 3939 626 4007 summaque
659 3919 822 3985 doctrina
858 3919 922 3981 aiu
957 3910 1090 3994 efficere
