2670 5146
640 428 718 505 158

190 680 245 743 60.
257 671 357 739 Mane
368 671 463 735 rnodo
477 670 558 735 istie
571 690 580 734 τ
590 674 662 756 jam
673 684 823 737 revortar
834 674 874 737 ad
888 687 934 741 te.
971 674 1066 752 Quid
1078 701 1166 748 nuno

941 788 1001 856 fiet
1014 837 1024 870 ,
1039 792 1136 862 Simo
1150 798 1164 863 i

255 901 347 978 Quid
357 899 504 988 agimnsi
516 900 698 966 manifesto
710 900 798 968 huno
811 903 978 971 hominem
992 914 1166 998 teneo,qui

846 1032 1020 1106 argentum
1031 1021 1161 1089 attulit.

255 1152 298 1199 ιι.
324 1130 414 1208 Quid
423 1129 519 1218 janni
540 1152 596 1196 aa.
610 1129 665 1196 An
677 1134 810 1212 neseis,
827 1156 912 1221 quae
925 1138 973 1201 sit
984 1135 1067 1202 haee
1080 1141 1163 1205 rest

631 1268 673 1311 ει.
695 1243 804 1312 Juxta
816 1269 889 1312 curn
904 1251 1159 1337 ignariasumis.

252 1384 307 1429 aa.
330 1359 459 1451 Edepol
470 1360 636 1427 hominem
646 1359 861 1440 verberonem
872 1362 1099 1434 Pseudolum:
1124 1380 1162 1433 ut

939 1479 1161 1547 dootedolum

251 1590 515 1657 Cornmentu'stl
541 1591 732 1657 tantundem
745 1597 877 1680 argenti
891 1639 902 1673 ,
926 1608 1088 1682 quantum
1096 1600 1161 1662 mi·

951 1707 1003 1775 les
1017 1710 1156 1792 debuit,

185 1822 240 1888 fib.
249 1817 354 1887 Dedit
365 1822 444 1887 huie
458 1868 468 1901 ,
482 1835 582 1909 atque
595 1820 762 1887 hominem
776 1823 969 1902 exornavit,
982 1823 1158 1893 mulierem

883 1937 1154 2023 quiaroesseret.

245 2052 432 2119 Pseudolus
444 2066 521 2119 tuus
534 2051 698 2139 allegavit
709 2051 913 2137 buno,qnari
926 2075 946 2116 a
955 2051 1154 2121 Macedonio

246 2165 362 2233 Milite
375 2181 478 2233 esset.
513 2191 556 2234 ar.
567 2150 569 2155 ⁴
580 2166 739 2232 Habesne
751 2178 924 2253 argentum
940 2166 981 2232 ab
993 2167 1154 2236 homiuel

671 2304 728 2346 nr.
744 2281 911 2368 Rogitas,
928 2284 1017 2370 quod
1028 2285 1152 2350 videsl

245 2418 288 2461 sr.
312 2395 408 2462 Heus
422 2444 432 2477 ‚
458 2410 623 2464 memento
636 2419 715 2485 ergo
729 2396 906 2463 dimidium
926 2398 1055 2463 isthinc
1069 2399 1153 2465 mibi

870 2513 1041 2599 depraeda
1054 2516 1149 2584 dare:

241 2626 422 2695 Commune
435 2628 525 2692 istue
538 2648 615 2692 esse
628 2641 768 2714 oportet.
804 2649 861 2693 nu.
876 2626 968 2703 Quid
981 2675 992 2708 ,
1005 2629 1150 2696 malunt

814 2743 850 2806 id
863 2756 968 2809 toturn
979 2757 1074 2811 tuum
1087 2759 1148 2812 est.

245 2895 290 2946 60.
308 2893 385 2944 abest
395 2896 467 2960 jon.

215 3048 266 3109 Vs.
296 3048 345 3109 62.
369 3051 467 3131 justo
493 3065 556 3107 non
577 3055 699 3108 tantum
718 3048 753 3106 in
772 3047 822 3108 bis
840 3047 956 3109 sabulis
974 3051 1148 3129 saepissime

175 3168 344 3234 usurpatur
377 3156 412 3215 in
438 3155 721 3237 comparationibus
747 3176 805 3236 pro
833 3177 945 3236 nemo,
983 3158 1146 3232 nuditer,

177 3266 232 3326 sed
259 3265 344 3327 haud
370 3284 442 3327 raro
468 3282 593 3342 quoquo
620 3265 654 3323 in
682 3264 748 3324 Liv.
769 3283 799 3323 v.
822 3285 850 3324 o.
872 3263 932 3325 bac
952 3265 1081 3326 notione
1101 3267 1147 3325 le·
1215 3344 1217 3349 Ι

174 3374 271 3455 gitur.
291 3407 332 3420 -

215 3481 266 3542 Vs.
288 3482 337 3541 66.
358 3481 504 3562 alienoris
523 3481 628 3541 isso:
656 3481 794 3561 allegare
813 3480 881 3540 iere
900 3483 922 3542 i.
943 3499 975 3558 q.
996 3501 1147 3544 exornare

173 3588 400 3669 sycophantiis,
432 3591 644 3664 summittere,
674 3590 864 3650 subornare:
893 3591 938 3651 sie
967 3592 1092 3671 saepius
1111 3612 1144 3652 a·

173 3696 238 3778 pud
257 3696 410 3759 Plautum.
452 3700 490 3761 In
509 3700 621 3762 bonam
640 3708 763 3780 partem
782 3698 916 3779 sileam
932 3699 1069 3772 dicitnr,
1091 3699 1146 3776 qui

174 3805 273 3866 mittit
291 3806 441 3881 amirmn,
462 3828 519 3889 per
538 3828 633 3888 quern
652 3807 814 3886 negotium
828 3827 900 3868 oum
915 3806 979 3868 alio
992 3792 1146 3887 perficiat.

175 3914 289 3975 Multus
306 3912 348 3973 do
366 3912 425 3974 boo
444 3917 597 3979 vocabulo
615 3928 663 3978 est
682 3917 776 3977 Gron.
797 3915 837 3976 ad
856 3915 922 3976 Lis.
944 3915 1074 3977 mvn
1095 3916 1142 3976 ll.

214 4024 262 4085 Vs
284 4024 333 4086 69.
355 4043 533 4085 musso:
562 4026 675 4089 Phaed.
697 4026 732 4087 l'.
754 4027 783 4087 b.
804 4027 824 4086 3
