<?xml version="1.0" encoding="UTF-8"?>
<!DOCTYPE html PUBLIC "-//W3C//DTD XHTML 1.0 Transitional//EN"
    "http://www.w3.org/TR/xhtml1/DTD/xhtml1-transitional.dtd">
<html xmlns="http://www.w3.org/1999/xhtml" xml:lang="en" lang="en">
 <head>
  <title>
</title>
<meta http-equiv="Content-Type" content="text/html;charset=utf-8" />
  <meta name='ocr-system' content='tesseract 3.04.00' />
  <meta name='ocr-capabilities' content='ocr_page ocr_carea ocr_par ocr_line ocrx_word'/>
</head>
<body>
  <div class='ocr_page' id='page_1' title='image "./specimenliterar00plaugoog_0151.png"; bbox 0 0 2670 5146; ppageno 0'>
   <div class='ocr_carea' id='block_1_1' title="bbox 736 367 814 443">
    <p class='ocr_par' dir='ltr' id='par_1_1' title="bbox 736 367 814 443">
     <span class='ocr_line' id='line_1_1' title="bbox 736 367 814 443; baseline 0.026 -1"><span class='ocrx_word' id='word_1_1' title='bbox 736 367 814 443; x_wconf 78' lang='lat'>136</span> 
     </span>
    </p>
   </div>
   <div class='ocr_carea' id='block_1_2' title="bbox 277 606 1266 686">
    <p class='ocr_par' dir='ltr' id='par_1_2' title="bbox 277 606 1266 686">
     <span class='ocr_line' id='line_1_2' title="bbox 277 606 1266 686; baseline 0.013 -13"><span class='ocrx_word' id='word_1_2' title='bbox 277 606 396 674; x_wconf 54' lang='lat' dir='ltr'>desa·</span> <span class='ocrx_word' id='word_1_3' title='bbox 420 608 533 674; x_wconf 82' lang='lat' dir='ltr'>Herus</span> <span class='ocrx_word' id='word_1_4' title='bbox 558 628 660 673; x_wconf 73' lang='lat' dir='ltr'>meus‘</span> <span class='ocrx_word' id='word_1_5' title='bbox 675 607 739 672; x_wconf 87' lang='lat' dir='ltr'>tibi</span> <span class='ocrx_word' id='word_1_6' title='bbox 762 627 813 672; x_wconf 88' lang='lat' dir='ltr'>me</span> <span class='ocrx_word' id='word_1_7' title='bbox 839 608 982 676; x_wconf 70' lang='lat' dir='ltr'>:alutem</span> <span class='ocrx_word' id='word_1_8' title='bbox 999 612 1266 686; x_wconf 83' lang='lat' dir='ltr'>multamv&#39;alnit</span> 
     </span>
    </p>
   </div>
   <div class='ocr_carea' id='block_1_3' title="bbox 347 732 1264 933">
    <p class='ocr_par' dir='ltr' id='par_1_3' title="bbox 347 732 1264 933">
     <span class='ocr_line' id='line_1_3' title="bbox 1134 732 1264 800; baseline 0.038 -5"><span class='ocrx_word' id='word_1_9' title='bbox 1134 732 1212 799; x_wconf 87' lang='lat' dir='ltr'>dice</span> <span class='ocrx_word' id='word_1_10' title='bbox 1253 778 1264 800; x_wconf 82' lang='grc'><strong>.</strong></span> 
     </span>
     <span class='ocr_line' id='line_1_4' title="bbox 347 758 1263 933; baseline 0.012 -29"><span class='ocrx_word' id='word_1_11' title='bbox 347 838 442 904; x_wconf 83' lang='lat' dir='ltr'>Hune</span> <span class='ocrx_word' id='word_1_12' title='bbox 456 836 630 924; x_wconf 81' lang='lat' dir='ltr'>epistolum</span> <span class='ocrx_word' id='word_1_13' title='bbox 642 839 757 924; x_wconf 85' lang='lat' dir='ltr'>eeeipe</span> <span class='ocrx_word' id='word_1_14' title='bbox 776 859 882 917; x_wconf 83' lang='lat' dir='ltr'>eme,</span> <span class='ocrx_word' id='word_1_15' title='bbox 904 840 990 906; x_wconf 80' lang='lat' dir='ltr'>hene</span> <span class='ocrx_word' id='word_1_16' title='bbox 1001 862 1054 908; x_wconf 89' lang='lat' dir='ltr'>me</span> <span class='ocrx_word' id='word_1_17' title='bbox 1066 844 1139 910; x_wconf 87' lang='lat' dir='ltr'>tibi·</span> <span class='ocrx_word' id='word_1_18' title='bbox 1149 758 1263 933; x_wconf 63' lang='lat' dir='ltr'>jnedit</span> 
     </span>
    </p>
   </div>
   <div class='ocr_carea' id='block_1_4' title="bbox 345 961 1261 1154">
    <p class='ocr_par' dir='ltr' id='par_1_4' title="bbox 345 961 1261 1154">
     <span class='ocr_line' id='line_1_5' title="bbox 1170 961 1261 1028; baseline 0.033 -3"><span class='ocrx_word' id='word_1_19' title='bbox 1170 961 1261 1028; x_wconf 76' lang='lat' dir='ltr'>dare.</span> 
     </span>
     <span class='ocr_line' id='line_1_6' title="bbox 345 1065 1260 1154; baseline 0.01 -21"><span class='ocrx_word' id='word_1_20' title='bbox 345 1088 401 1133; x_wconf 73' lang='lat' dir='ltr'>nn.</span> <span class='ocrx_word' id='word_1_21' title='bbox 427 1065 513 1143; x_wconf 79' lang='lat' dir='ltr'>Quis</span> <span class='ocrx_word' id='word_1_22' title='bbox 529 1070 561 1132; x_wconf 79' lang='lat' dir='ltr'>is</span> <span class='ocrx_word' id='word_1_23' title='bbox 573 1066 717 1132; x_wconf 84' lang='lat' dir='ltr'>homo’st</span> <span class='ocrx_word' id='word_1_24' title='bbox 730 1069 790 1154; x_wconf 87' lang='lat' dir='ltr'>qui</span> <span class='ocrx_word' id='word_1_25' title='bbox 798 1066 935 1153; x_wconf 70' lang='lat' dir='ltr'>J&#39;ueeiti</span> <span class='ocrx_word' id='word_1_26' title='bbox 959 1090 1012 1134; x_wconf 76' lang='lat' dir='ltr'>re.</span> <span class='ocrx_word' id='word_1_27' title='bbox 1037 1070 1157 1153; x_wconf 87' lang='lat' dir='ltr'>Perii,</span> <span class='ocrx_word' id='word_1_28' title='bbox 1171 1095 1260 1142; x_wconf 89' lang='lat' dir='ltr'>nane</span> 
     </span>
    </p>
   </div>
   <div class='ocr_carea' id='block_1_5' title="bbox 347 1183 1256 1376">
    <p class='ocr_par' dir='ltr' id='par_1_5' title="bbox 347 1183 1256 1376">
     <span class='ocr_line' id='line_1_7' title="bbox 815 1183 1256 1271; baseline 0.02 -24"><span class='ocrx_word' id='word_1_29' title='bbox 815 1183 911 1247; x_wconf 90' lang='lat' dir='ltr'>homo</span> <span class='ocrx_word' id='word_1_30' title='bbox 923 1185 959 1248; x_wconf 90' lang='lat' dir='ltr'>in</span> <span class='ocrx_word' id='word_1_31' title='bbox 972 1186 1082 1250; x_wconf 87' lang='lat' dir='ltr'>medio</span> <span class='ocrx_word' id='word_1_32' title='bbox 1095 1186 1168 1253; x_wconf 92' lang='lat' dir='ltr'>luto</span> <span class='ocrx_word' id='word_1_33' title='bbox 1181 1203 1256 1271; x_wconf 81' lang='lat' dir='ltr'>est,</span> 
     </span>
     <span class='ocr_line' id='line_1_8' title="bbox 347 1297 1256 1376; baseline 0.007 -12"><span class='ocrx_word' id='word_1_34' title='bbox 347 1297 476 1364; x_wconf 88' lang='lat' dir='ltr'>Nomen</span> <span class='ocrx_word' id='word_1_35' title='bbox 487 1300 619 1364; x_wconf 78' lang='lat' dir='ltr'>neseit:</span> <span class='ocrx_word' id='word_1_36' title='bbox 644 1298 761 1363; x_wconf 79' lang='lat' dir='ltr'>haeret</span> <span class='ocrx_word' id='word_1_37' title='bbox 772 1297 854 1363; x_wconf 82' lang='lat' dir='ltr'>haee</span> <span class='ocrx_word' id='word_1_38' title='bbox 866 1319 945 1363; x_wconf 55' lang='lat' dir='ltr'>reae</span> <span class='ocrx_word' id='word_1_39' title='bbox 968 1299 1256 1376; x_wconf 59' lang='lat' dir='ltr'>nnrQuemhnne</span> 
     </span>
    </p>
   </div>
   <div class='ocr_carea' id='block_1_6' title="bbox 347 1414 1254 1614">
    <p class='ocr_par' dir='ltr' id='par_1_6' title="bbox 347 1414 1254 1614">
     <span class='ocr_line' id='line_1_9' title="bbox 810 1414 1254 1484; baseline 0.018 -8"><span class='ocrx_word' id='word_1_40' title='bbox 810 1414 950 1479; x_wconf 81' lang='lat' dir='ltr'>misisse</span> <span class='ocrx_word' id='word_1_41' title='bbox 962 1415 1003 1479; x_wconf 83' lang='lat' dir='ltr'>ad</span> <span class='ocrx_word' id='word_1_42' title='bbox 1015 1437 1067 1480; x_wconf 92' lang='lat' dir='ltr'>me</span> <span class='ocrx_word' id='word_1_43' title='bbox 1077 1420 1254 1484; x_wconf 63' lang='lat' dir='ltr'>autumas?</span> 
     </span>
     <span class='ocr_line' id='line_1_10' title="bbox 347 1526 1254 1614; baseline 0.008 -22"><span class='ocrx_word' id='word_1_44' title='bbox 347 1551 398 1592; x_wconf 83' lang='lat' dir='ltr'>sr.</span> <span class='ocrx_word' id='word_1_45' title='bbox 422 1526 534 1592; x_wconf 81' lang='lat' dir='ltr'>Nosce</span> <span class='ocrx_word' id='word_1_46' title='bbox 546 1529 750 1613; x_wconf 81' lang='lat' dir='ltr'>imaginem,</span> <span class='ocrx_word' id='word_1_47' title='bbox 775 1540 846 1592; x_wconf 90' lang='lat' dir='ltr'>tute</span> <span class='ocrx_word' id='word_1_48' title='bbox 858 1533 932 1614; x_wconf 77' lang='lat' dir='ltr'>ejus</span> <span class='ocrx_word' id='word_1_49' title='bbox 946 1551 1066 1596; x_wconf 88' lang='lat' dir='ltr'>nomen</span> <span class='ocrx_word' id='word_1_50' title='bbox 1077 1547 1254 1599; x_wconf 86' lang='lat' dir='ltr'>memorato</span> 
     </span>
    </p>
   </div>
   <div class='ocr_carea' id='block_1_7' title="bbox 1086 1648 1253 1731">
    <p class='ocr_par' dir='ltr' id='par_1_7' title="bbox 1086 1648 1253 1731">
     <span class='ocr_line' id='line_1_11' title="bbox 1086 1648 1253 1731; baseline 0.012 -19"><span class='ocrx_word' id='word_1_51' title='bbox 1086 1724 1089 1731; x_wconf 41' lang='grc'><em>,</em></span> <span class='ocrx_word' id='word_1_52' title='bbox 1144 1648 1253 1728; x_wconf 90' lang='lat' dir='ltr'>mihi,</span> 
     </span>
    </p>
   </div>
   <div class='ocr_carea' id='block_1_8' title="bbox 283 1894 1266 4026">
    <p class='ocr_par' dir='ltr' id='par_1_8' title="bbox 283 1894 1266 3822">
     <span class='ocr_line' id='line_1_12' title="bbox 283 1894 1257 1983; baseline 0.003 -19"><span class='ocrx_word' id='word_1_53' title='bbox 283 1919 359 1983; x_wconf 72' lang='lat' dir='ltr'>gere</span> <span class='ocrx_word' id='word_1_54' title='bbox 379 1904 539 1963; x_wconf 82' lang='lat' dir='ltr'>seminari</span> <span class='ocrx_word' id='word_1_55' title='bbox 560 1901 709 1962; x_wconf 87' lang='lat' dir='ltr'>vestitum</span> <span class='ocrx_word' id='word_1_56' title='bbox 729 1894 906 1976; x_wconf 85' lang='lat' dir='ltr'>lenonium,</span> <span class='ocrx_word' id='word_1_57' title='bbox 931 1912 1086 1982; x_wconf 79' lang='lat' dir='ltr'>tamquam</span> <span class='ocrx_word' id='word_1_58' title='bbox 1103 1896 1257 1966; x_wconf 88' lang='lat' dir='ltr'>hominem</span> 
     </span>
     <span class='ocr_line' id='line_1_13' title="bbox 283 2008 1258 2092; baseline 0.003 -20"><span class='ocrx_word' id='word_1_59' title='bbox 283 2012 467 2084; x_wconf 85' lang='lat' dir='ltr'>militarem,</span> <span class='ocrx_word' id='word_1_60' title='bbox 508 2011 564 2092; x_wconf 91' lang='lat' dir='ltr'>qui</span> <span class='ocrx_word' id='word_1_61' title='bbox 599 2011 633 2069; x_wconf 91' lang='lat' dir='ltr'>in</span> <span class='ocrx_word' id='word_1_62' title='bbox 669 2011 778 2072; x_wconf 84' lang='lat' dir='ltr'>eastris</span> <span class='ocrx_word' id='word_1_63' title='bbox 808 2030 909 2091; x_wconf 89' lang='lat' dir='ltr'>usque</span> <span class='ocrx_word' id='word_1_64' title='bbox 935 2008 1104 2086; x_wconf 81' lang='lat' dir='ltr'>habitarit,</span> <span class='ocrx_word' id='word_1_65' title='bbox 1142 2033 1258 2075; x_wconf 81' lang='lat' dir='ltr'>morea·-</span> 
     </span>
     <span class='ocr_line' id='line_1_14' title="bbox 284 2119 1257 2203; baseline 0.003 -22"><span class='ocrx_word' id='word_1_66' title='bbox 284 2141 347 2203; x_wconf 88' lang='lat' dir='ltr'>que</span> <span class='ocrx_word' id='word_1_67' title='bbox 376 2121 510 2182; x_wconf 83' lang='lat' dir='ltr'>urbanos</span> <span class='ocrx_word' id='word_1_68' title='bbox 538 2121 678 2199; x_wconf 76' lang='lat' dir='ltr'><strong>ignoret,</strong></span> <span class='ocrx_word' id='word_1_69' title='bbox 716 2120 810 2179; x_wconf 90' lang='lat' dir='ltr'>nimis</span> <span class='ocrx_word' id='word_1_70' title='bbox 839 2119 932 2198; x_wconf 72' lang='lat' dir='ltr'>longe</span> <span class='ocrx_word' id='word_1_71' title='bbox 960 2120 1086 2180; x_wconf 81' lang='lat' dir='ltr'>videtur</span> <span class='ocrx_word' id='word_1_72' title='bbox 1115 2124 1257 2202; x_wconf 58' lang='lat' dir='ltr'>petitum»</span> 
     </span>
     <span class='ocr_line' id='line_1_15' title="bbox 285 2226 1257 2306; baseline 0.002 -18"><span class='ocrx_word' id='word_1_73' title='bbox 285 2228 346 2289; x_wconf 89' lang='lat' dir='ltr'>Sed</span> <span class='ocrx_word' id='word_1_74' title='bbox 373 2247 414 2287; x_wconf 92' lang='lat' dir='ltr'>ne</span> <span class='ocrx_word' id='word_1_75' title='bbox 441 2228 486 2287; x_wconf 84' lang='lat' dir='ltr'>sie</span> <span class='ocrx_word' id='word_1_76' title='bbox 515 2227 642 2306; x_wconf 87' lang='lat' dir='ltr'>quidem</span> <span class='ocrx_word' id='word_1_77' title='bbox 672 2227 831 2287; x_wconf 80' lang='lat' dir='ltr'>illustrata</span> <span class='ocrx_word' id='word_1_78' title='bbox 860 2226 964 2306; x_wconf 80' lang='lat' dir='ltr'>placet</span> <span class='ocrx_word' id='word_1_79' title='bbox 993 2230 1150 2292; x_wconf 82' lang='lat' dir='ltr'>sententia</span> <span class='ocrx_word' id='word_1_80' title='bbox 1178 2231 1257 2291; x_wconf 84' lang='lat' dir='ltr'>malo</span> 
     </span>
     <span class='ocr_line' id='line_1_16' title="bbox 285 2334 1257 2416; baseline 0.003 -21"><span class='ocrx_word' id='word_1_81' title='bbox 285 2345 418 2396; x_wconf 80' lang='lat' dir='ltr'>tornato.</span> <span class='ocrx_word' id='word_1_82' title='bbox 461 2334 623 2411; x_wconf 77' lang='lat' dir='ltr'><strong>Suspicor,</strong></span> <span class='ocrx_word' id='word_1_83' title='bbox 647 2334 791 2395; x_wconf 79' lang='lat' dir='ltr'>Plautum</span> <span class='ocrx_word' id='word_1_84' title='bbox 812 2353 870 2414; x_wconf 91' lang='lat' dir='ltr'>pro</span> <span class='ocrx_word' id='word_1_85' title='bbox 890 2336 979 2394; x_wconf 84' lang='lat' dir='ltr'>eredo</span> <span class='ocrx_word' id='word_1_86' title='bbox 999 2336 1159 2416; x_wconf 81' lang='lat' dir='ltr'>scripsisse</span> <span class='ocrx_word' id='word_1_87' title='bbox 1170 2340 1257 2411; x_wconf 83' lang='lat' dir='ltr'>cado,</span> 
     </span>
     <span class='ocr_line' id='line_1_17' title="bbox 284 2442 1262 2527; baseline 0.009 -27"><span class='ocrx_word' id='word_1_88' title='bbox 284 2443 369 2522; x_wconf 89' lang='lat' dir='ltr'>quod</span> <span class='ocrx_word' id='word_1_89' title='bbox 388 2442 544 2520; x_wconf 76' lang='lat' dir='ltr'>egregiam</span> <span class='ocrx_word' id='word_1_90' title='bbox 564 2442 693 2520; x_wconf 82' lang='lat' dir='ltr'>praebet</span> <span class='ocrx_word' id='word_1_91' title='bbox 713 2443 915 2517; x_wconf 77' lang='lat' dir='ltr'>sententiam,</span> <span class='ocrx_word' id='word_1_92' title='bbox 939 2445 1262 2527; x_wconf 77' lang='lat' dir='ltr'>atquehnudprorsue</span> 
     </span>
     <span class='ocr_line' id='line_1_18' title="bbox 286 2548 1259 2635; baseline 0.004 -24"><span class='ocrx_word' id='word_1_93' title='bbox 286 2551 430 2612; x_wconf 88' lang='lat' dir='ltr'>dissimili</span> <span class='ocrx_word' id='word_1_94' title='bbox 450 2551 592 2610; x_wconf 81' lang='lat' dir='ltr'>firmatur</span> <span class='ocrx_word' id='word_1_95' title='bbox 612 2548 705 2611; x_wconf 83' lang='lat' dir='ltr'>More.</span> <span class='ocrx_word' id='word_1_96' title='bbox 726 2552 756 2612; x_wconf 85' lang='lat'>3.</span> <span class='ocrx_word' id='word_1_97' title='bbox 779 2553 807 2611; x_wconf 74' lang='lat' dir='ltr'>lt.</span> <span class='ocrx_word' id='word_1_98' title='bbox 830 2551 879 2611; x_wconf 83' lang='grc'>66.</span> <span class='ocrx_word' id='word_1_99' title='bbox 930 2552 969 2613; x_wconf 88' lang='lat' dir='ltr'>Et</span> <span class='ocrx_word' id='word_1_100' title='bbox 989 2574 1178 2635; x_wconf 81' lang='lat' dir='ltr'>quamquam</span> <span class='ocrx_word' id='word_1_101' title='bbox 1198 2576 1259 2618; x_wconf 90' lang='lat' dir='ltr'>non</span> 
     </span>
     <span class='ocr_line' id='line_1_19' title="bbox 289 2658 1260 2738; baseline 0.004 -18"><span class='ocrx_word' id='word_1_102' title='bbox 289 2662 411 2733; x_wconf 84' lang='lat' dir='ltr'>neseio,</span> <span class='ocrx_word' id='word_1_103' title='bbox 452 2661 496 2718; x_wconf 84' lang='lat' dir='ltr'>sie</span> <span class='ocrx_word' id='word_1_104' title='bbox 525 2658 665 2719; x_wconf 82' lang='lat' dir='ltr'>hiantem</span> <span class='ocrx_word' id='word_1_105' title='bbox 691 2678 814 2719; x_wconf 84' lang='lat' dir='ltr'>versum</span> <span class='ocrx_word' id='word_1_106' title='bbox 835 2660 946 2738; x_wconf 82' lang='lat' dir='ltr'>abjici,</span> <span class='ocrx_word' id='word_1_107' title='bbox 976 2662 1028 2721; x_wconf 80' lang='lat' dir='ltr'>vix</span> <span class='ocrx_word' id='word_1_108' title='bbox 1048 2682 1260 2738; x_wconf 86' lang='lat' dir='ltr'>eommovear,</span> 
     </span>
     <span class='ocr_line' id='line_1_20' title="bbox 289 2767 1264 2853; baseline 0.005 -26"><span class='ocrx_word' id='word_1_109' title='bbox 289 2768 436 2848; x_wconf 83' lang='lat' dir='ltr'>quoniam</span> <span class='ocrx_word' id='word_1_110' title='bbox 465 2775 534 2846; x_wconf 89' lang='lat' dir='ltr'>post</span> <span class='ocrx_word' id='word_1_111' title='bbox 561 2786 651 2827; x_wconf 78' lang='lat' dir='ltr'>voees</span> <span class='ocrx_word' id='word_1_112' title='bbox 678 2767 797 2841; x_wconf 79' lang='lat' dir='ltr'>hercle,</span> <span class='ocrx_word' id='word_1_113' title='bbox 831 2788 957 2847; x_wconf 76' lang='lat' dir='ltr'>quaeso,</span> <span class='ocrx_word' id='word_1_114' title='bbox 988 2778 1021 2829; x_wconf 89' lang='lat' dir='ltr'>et</span> <span class='ocrx_word' id='word_1_115' title='bbox 1046 2770 1163 2831; x_wconf 89' lang='lat' dir='ltr'>similes</span> <span class='ocrx_word' id='word_1_116' title='bbox 1182 2788 1264 2853; x_wconf 83' lang='lat' dir='ltr'>quae</span> 
     </span>
     <span class='ocr_line' id='line_1_21' title="bbox 288 2874 1264 2954; baseline 0.007 -20"><span class='ocrx_word' id='word_1_117' title='bbox 288 2875 544 2954; x_wconf 78' lang='lat' dir='ltr'>interjectionum</span> <span class='ocrx_word' id='word_1_118' title='bbox 574 2874 641 2934; x_wconf 83' lang='lat' dir='ltr'>iere</span> <span class='ocrx_word' id='word_1_119' title='bbox 661 2874 730 2935; x_wconf 82' lang='lat' dir='ltr'>viee</span> <span class='ocrx_word' id='word_1_120' title='bbox 749 2875 942 2952; x_wconf 74' lang='lat' dir='ltr'>funguntur,</span> <span class='ocrx_word' id='word_1_121' title='bbox 975 2876 1059 2937; x_wconf 84' lang='lat' dir='ltr'>haud</span> <span class='ocrx_word' id='word_1_122' title='bbox 1079 2877 1176 2938; x_wconf 87' lang='lat' dir='ltr'>semel</span> <span class='ocrx_word' id='word_1_123' title='bbox 1195 2878 1264 2941; x_wconf 78' lang='lat' dir='ltr'>hia-</span> 
     </span>
     <span class='ocr_line' id='line_1_22' title="bbox 289 2961 1266 3066; baseline 0.004 -23"><span class='ocrx_word' id='word_1_124' title='bbox 289 2993 340 3044; x_wconf 88' lang='lat' dir='ltr'>tus</span> <span class='ocrx_word' id='word_1_125' title='bbox 368 2982 632 3064; x_wconf 82' lang='lat' dir='ltr'>deprehenditur:</span> <span class='ocrx_word' id='word_1_126' title='bbox 663 2983 704 3044; x_wconf 88' lang='lat' dir='ltr'>ef.</span> <span class='ocrx_word' id='word_1_127' title='bbox 735 2961 874 3045; x_wconf 64' lang='lat' dir='ltr'>iindem.</span> <span class='ocrx_word' id='word_1_128' title='bbox 904 2985 938 3044; x_wconf 88' lang='lat' dir='ltr'>in</span> <span class='ocrx_word' id='word_1_129' title='bbox 966 2985 1082 3066; x_wconf 88' lang='lat' dir='ltr'>disput.</span> <span class='ocrx_word' id='word_1_130' title='bbox 1104 2987 1141 3045; x_wconf 83' lang='lat' dir='ltr'>de</span> <span class='ocrx_word' id='word_1_131' title='bbox 1162 2998 1266 3047; x_wconf 78' lang='lat' dir='ltr'>vetare</span> 
     </span>
     <span class='ocr_line' id='line_1_23' title="bbox 289 3093 1263 3174; baseline 0.003 -19"><span class='ocrx_word' id='word_1_132' title='bbox 289 3095 358 3156; x_wconf 84' lang='lat' dir='ltr'>Lat.</span> <span class='ocrx_word' id='word_1_133' title='bbox 396 3093 473 3174; x_wconf 73' lang='lat' dir='ltr'>liaq.</span> <span class='ocrx_word' id='word_1_134' title='bbox 505 3093 667 3174; x_wconf 75' lang='lat' dir='ltr'>prosodia,</span> <span class='ocrx_word' id='word_1_135' title='bbox 707 3094 874 3174; x_wconf 81' lang='lat' dir='ltr'>praemissa</span> <span class='ocrx_word' id='word_1_136' title='bbox 910 3093 1043 3154; x_wconf 86' lang='lat' dir='ltr'>editioni</span> <span class='ocrx_word' id='word_1_137' title='bbox 1071 3095 1169 3156; x_wconf 82' lang='lat' dir='ltr'>trium</span> <span class='ocrx_word' id='word_1_138' title='bbox 1199 3096 1263 3159; x_wconf 80' lang='lat' dir='ltr'>seb.</span> 
     </span>
     <span class='ocr_line' id='line_1_24' title="bbox 287 3185 1266 3285; baseline 0 -21"><span class='ocrx_word' id='word_1_139' title='bbox 287 3203 389 3265; x_wconf 86' lang='lat' dir='ltr'>Pleut.</span> <span class='ocrx_word' id='word_1_140' title='bbox 409 3223 441 3283; x_wconf 90' lang='lat' dir='ltr'>p.</span> <span class='ocrx_word' id='word_1_141' title='bbox 463 3203 541 3264; x_wconf 80' lang='lat' dir='ltr'>XXI.</span> <span class='ocrx_word' id='word_1_142' title='bbox 583 3204 690 3280; x_wconf 87' lang='lat' dir='ltr'>Neque</span> <span class='ocrx_word' id='word_1_143' title='bbox 709 3203 805 3264; x_wconf 83' lang='lat' dir='ltr'>habet</span> <span class='ocrx_word' id='word_1_144' title='bbox 826 3185 1034 3264; x_wconf 82' lang='lat' dir='ltr'>constructio:</span> <span class='ocrx_word' id='word_1_145' title='bbox 1067 3204 1266 3285; x_wconf 70' lang='lat' dir='ltr'>conspicatae</span> 
     </span>
     <span class='ocr_line' id='line_1_25' title="bbox 288 3312 1266 3395; baseline 0.001 -22"><span class='ocrx_word' id='word_1_146' title='bbox 288 3314 318 3373; x_wconf 77' lang='lat' dir='ltr'>ei</span> <span class='ocrx_word' id='word_1_147' title='bbox 344 3315 388 3373; x_wconf 80' lang='lat' dir='ltr'>ais</span> <span class='ocrx_word' id='word_1_148' title='bbox 415 3346 456 3357; x_wconf 89' lang='lat'>·-</span> <span class='ocrx_word' id='word_1_149' title='bbox 483 3312 657 3385; x_wconf 71' lang='lat' dir='ltr'>abstineas,</span> <span class='ocrx_word' id='word_1_150' title='bbox 687 3330 745 3391; x_wconf 89' lang='lat' dir='ltr'>pro</span> <span class='ocrx_word' id='word_1_151' title='bbox 773 3313 968 3395; x_wconf 75' lang='lat' dir='ltr'>conspiratae</span> <span class='ocrx_word' id='word_1_152' title='bbox 997 3313 1026 3371; x_wconf 77' lang='lat' dir='ltr'>oi</span> <span class='ocrx_word' id='word_1_153' title='bbox 1045 3333 1127 3371; x_wconf 73' lang='lat' dir='ltr'>essee</span> <span class='ocrx_word' id='word_1_154' title='bbox 1145 3342 1189 3358; x_wconf 82' lang='lat'>-—</span> <span class='ocrx_word' id='word_1_155' title='bbox 1209 3312 1266 3374; x_wconf 73' lang='lat' dir='ltr'>ab·</span> 
     </span>
     <span class='ocr_line' id='line_1_26' title="bbox 288 3419 1263 3499; baseline 0.001 -19"><span class='ocrx_word' id='word_1_156' title='bbox 288 3422 438 3494; x_wconf 74' lang='lat' dir='ltr'>etiaerea,</span> <span class='ocrx_word' id='word_1_157' title='bbox 479 3421 515 3480; x_wconf 90' lang='lat' dir='ltr'>in</span> <span class='ocrx_word' id='word_1_158' title='bbox 541 3438 605 3499; x_wconf 87' lang='lat' dir='ltr'>quo</span> <span class='ocrx_word' id='word_1_159' title='bbox 631 3419 838 3482; x_wconf 82' lang='lat' dir='ltr'>offendamus:</span> <span class='ocrx_word' id='word_1_160' title='bbox 870 3420 1014 3482; x_wconf 80' lang='lat' dir='ltr'>similiter</span> <span class='ocrx_word' id='word_1_161' title='bbox 1042 3419 1129 3481; x_wconf 81' lang='lat' dir='ltr'>Most.</span> <span class='ocrx_word' id='word_1_162' title='bbox 1159 3421 1194 3494; x_wconf 81' lang='lat'>3,</span> <span class='ocrx_word' id='word_1_163' title='bbox 1226 3421 1263 3495; x_wconf 87' lang='lat'>1,</span> 
     </span>
     <span class='ocr_line' id='line_1_27' title="bbox 289 3529 1266 3611; baseline 0.002 -23"><span class='ocrx_word' id='word_1_164' title='bbox 289 3529 345 3602; x_wconf 75' lang='lat'>28,</span> <span class='ocrx_word' id='word_1_165' title='bbox 378 3530 494 3603; x_wconf 80' lang='lat' dir='ltr'>dicam,</span> <span class='ocrx_word' id='word_1_166' title='bbox 526 3531 556 3589; x_wconf 77' lang='lat' dir='ltr'>ei</span> <span class='ocrx_word' id='word_1_167' title='bbox 574 3532 732 3610; x_wconf 72' lang='lat' dir='ltr'>confessae</span> <span class='ocrx_word' id='word_1_168' title='bbox 751 3530 811 3605; x_wconf 77' lang='lat' dir='ltr'>ait,</span> <span class='ocrx_word' id='word_1_169' title='bbox 841 3549 899 3611; x_wconf 88' lang='lat' dir='ltr'>pro</span> <span class='ocrx_word' id='word_1_170' title='bbox 919 3530 1068 3603; x_wconf 79' lang='lat' dir='ltr'>dicerem,</span> <span class='ocrx_word' id='word_1_171' title='bbox 1091 3529 1120 3589; x_wconf 75' lang='lat' dir='ltr'>ei</span> <span class='ocrx_word' id='word_1_172' title='bbox 1140 3530 1266 3610; x_wconf 74' lang='lat' dir='ltr'>ranser-</span> 
     </span>
     <span class='ocr_line' id='line_1_28' title="bbox 289 3615 1265 3722; baseline 0.006 -26"><span class='ocrx_word' id='word_1_173' title='bbox 289 3657 342 3697; x_wconf 75' lang='lat' dir='ltr'>eao</span> <span class='ocrx_word' id='word_1_174' title='bbox 362 3647 460 3715; x_wconf 74' lang='lat' dir='ltr'>emet3</span> <span class='ocrx_word' id='word_1_175' title='bbox 481 3635 566 3700; x_wconf 88' lang='lat' dir='ltr'>Asin.</span> <span class='ocrx_word' id='word_1_176' title='bbox 588 3639 624 3713; x_wconf 84' lang='lat'>2,</span> <span class='ocrx_word' id='word_1_177' title='bbox 647 3615 684 3713; x_wconf 87' lang='grc' dir='ltr'>3,Ι</span> <span class='ocrx_word' id='word_1_178' title='bbox 709 3639 746 3701; x_wconf 86' lang='grc'>13</span> <span class='ocrx_word' id='word_1_179' title='bbox 765 3641 796 3700; x_wconf 78' lang='lat' dir='ltr'>ai</span> <span class='ocrx_word' id='word_1_180' title='bbox 810 3624 858 3699; x_wconf 49' lang='lat' dir='ltr'>¹ait</span> <span class='ocrx_word' id='word_1_181' title='bbox 877 3641 975 3714; x_wconf 80' lang='lat' dir='ltr'>domi,</span> <span class='ocrx_word' id='word_1_182' title='bbox 998 3639 1181 3713; x_wconf 79' lang='lat' dir='ltr'>dieamtihi,</span> <span class='ocrx_word' id='word_1_183' title='bbox 1205 3657 1265 3722; x_wconf 86' lang='lat' dir='ltr'>pra</span> 
     </span>
     <span class='ocr_line' id='line_1_29' title="bbox 289 3745 1265 3822; baseline 0.003 -18"><span class='ocrx_word' id='word_1_184' title='bbox 289 3746 320 3805; x_wconf 75' lang='lat' dir='ltr'>ei</span> <span class='ocrx_word' id='word_1_185' title='bbox 347 3755 427 3806; x_wconf 71' lang='lat' dir='ltr'>esset</span> <span class='ocrx_word' id='word_1_186' title='bbox 454 3746 550 3821; x_wconf 81' lang='lat' dir='ltr'>domi,</span> <span class='ocrx_word' id='word_1_187' title='bbox 581 3749 713 3808; x_wconf 80' lang='lat' dir='ltr'>dicerem</span> <span class='ocrx_word' id='word_1_188' title='bbox 739 3748 812 3822; x_wconf 80' lang='lat' dir='ltr'>tibi,</span> <span class='ocrx_word' id='word_1_189' title='bbox 836 3756 870 3809; x_wconf 89' lang='lat' dir='ltr'>et</span> <span class='ocrx_word' id='word_1_190' title='bbox 888 3747 932 3810; x_wconf 75' lang='lat' dir='ltr'>rie</span> <span class='ocrx_word' id='word_1_191' title='bbox 952 3748 986 3808; x_wconf 92' lang='lat' dir='ltr'>in</span> <span class='ocrx_word' id='word_1_192' title='bbox 1006 3748 1075 3810; x_wconf 84' lang='lat' dir='ltr'>eliis</span> <span class='ocrx_word' id='word_1_193' title='bbox 1095 3745 1265 3808; x_wconf 78' lang='lat' dir='ltr'>sexcentis.</span> 
     </span>
    </p>

    <p class='ocr_par' dir='ltr' id='par_1_9' title="bbox 286 3851 1261 4026">
     <span class='ocr_line' id='line_1_30' title="bbox 329 3851 1261 3931; baseline 0 -18"><span class='ocrx_word' id='word_1_194' title='bbox 329 3851 380 3915; x_wconf 77' lang='lat' dir='ltr'>Vs.</span> <span class='ocrx_word' id='word_1_195' title='bbox 410 3853 460 3914; x_wconf 86' lang='lat'>27.</span> <span class='ocrx_word' id='word_1_196' title='bbox 489 3856 527 3915; x_wconf 76' lang='lat' dir='ltr'>ia</span> <span class='ocrx_word' id='word_1_197' title='bbox 546 3857 645 3917; x_wconf 81' lang='lat' dir='ltr'>media</span> <span class='ocrx_word' id='word_1_198' title='bbox 665 3856 728 3919; x_wconf 82' lang='lat' dir='ltr'>lata</span> <span class='ocrx_word' id='word_1_199' title='bbox 748 3866 822 3931; x_wconf 48' lang='lat' dir='ltr'>oet:¹</span> <span class='ocrx_word' id='word_1_200' title='bbox 844 3856 884 3919; x_wconf 85' lang='lat' dir='ltr'>af.</span> <span class='ocrx_word' id='word_1_201' title='bbox 908 3857 990 3923; x_wconf 84' lang='lat' dir='ltr'>Pers.</span> <span class='ocrx_word' id='word_1_202' title='bbox 1013 3856 1048 3931; x_wconf 71' lang='lat' dir='ltr'>i,</span> <span class='ocrx_word' id='word_1_203' title='bbox 1071 3854 1105 3930; x_wconf 83' lang='grc'>6,</span> <span class='ocrx_word' id='word_1_204' title='bbox 1130 3851 1188 3928; x_wconf 87' lang='grc'>66,</span> <span class='ocrx_word' id='word_1_205' title='bbox 1220 3854 1261 3913; x_wconf 73' lang='lat' dir='ltr'>ia</span> 
     </span>
     <span class='ocr_line' id='line_1_31' title="bbox 286 3960 505 4026; baseline 0.023 -5"><span class='ocrx_word' id='word_1_206' title='bbox 286 3960 350 4024; x_wconf 68' lang='lat' dir='ltr'>tna</span> <span class='ocrx_word' id='word_1_207' title='bbox 368 3961 505 4026; x_wconf 75' lang='lat' dir='ltr'>haerere.</span> 
     </span>
    </p>
   </div>
   <div class='ocr_carea' id='block_1_9' title="bbox 0 0 1349 5146">
    <p class='ocr_par' dir='ltr' id='par_1_10' title="bbox 0 0 1349 5146">
     <span class='ocr_line' id='line_1_32' title="bbox 0 0 1349 5146; baseline 0 0"><span class='ocrx_word' id='word_1_208' title='bbox 0 0 1349 5146; x_wconf 95' lang='lat' dir='ltr'> </span> 
     </span>
    </p>
   </div>
  </div>
 </body>
</html>
