2670 5146
627 412 706 488 148

204 670 207 675 ‘
244 655 391 725 Dabiu’l
414 676 471 721 aa.
495 652 682 719 Dabuntur.
706 673 750 733 ar.
765 651 838 718 Hoc
850 654 986 740 quidem
997 659 1155 722 aetum’st

954 769 1152 839 haudmale.

246 881 735 954 Sed-hominemoonvenistin'l
746 883 1030 951 ns.lmmoarnbos
1038 887 1151 952 simul.
1223 957 1225 966 ,

191 1022 195 1031 ·
215 1014 218 1027 “
243 1025 286 1069 sr.
312 1000 403 1079 Quia
415 999 478 1066 uiti
491 1000 572 1088 quid
583 996 711 1065 narrati
726 1019 865 1087 quaeso,
880 1001 962 1088 qnid
975 1000 1062 1066 dicit
1074 1002 1152 1068 tibil

244 1141 300 1185 us.
324 1115 441 1206 Nugas
466 1115 616 1194 theatri,
639 1113 742 1180 verba
763 1135 847 1201 quae
870 1117 907 1180 iu
927 1117 1110 1183 comoediis

182 1239 238 1302 20.
251 1232 371 1299 Solent
391 1229 506 1298 lenoni
530 1231 624 1310 diei,
648 1252 733 1317 quae
754 1230 852 1317 pueri
874 1233 1010 1297 sciunt:

245 1347 374 1416 Malum
387 1359 420 1412 et
432 1344 614 1411 scelestum
625 1357 659 1411 et
669 1348 841 1431 periurum
854 1346 967 1432 ajebat
980 1367 1056 1412 esse
1066 1368 1131 1413 me.

191 1504 195 1511 ,
243 1489 288 1530 er.
302 1461 364 1530 Pol
376 1462 465 1527 hand
475 1460 677 1527 mentitu'st.
688 1480 745 1526 aa.
758 1459 847 1551 Ergo
859 1459 949 1525 hand
960 1463 1069 1529 iratus
1081 1465 1149 1529 fui:

243 1577 330 1645 Nam
353 1579 469 1664 quanti
490 1575 597 1640 refert
620 1586 653 1639 te
676 1595 737 1640 nee
759 1586 853 1641 recte
876 1573 1016 1656 licere,
1143 1565 1167 1588 ⁹

244 1692 313 1770 Qui
336 1689 441 1757 nihili
464 1691 591 1769 faeiat,
616 1692 743 1778 quique
766 1687 901 1755 inficias
925 1712 991 1757 non
1014 1691 1094 1757 eati

179 1810 292 1875 asu.
318 1804 410 1882 Quid
434 1817 504 1885 eat,
530 1804 833 1891 quodnonmetuas
847 1803 966 1872 abeol
989 1804 1152 1874 islandiae

1017 1936 1153 2009 expeto.

244 2062 299 2106 ns.
325 2034 862 2125 Quianunquamabmeabducet
874 2032 1050 2102 mulierem
1061 2043 1152 2130 Jarn‚

605 2153 607 2156 ’
957 2165 1155 2238 necpotest.

218 2393 221 2401 Ι
248 2326 290 2380 17.
309 2327 488 2377 toneneas
507 2310 651 2376 acassam.
687 2324 730 2376 ra.
750 2291 846 2393 quaest
862 2325 931 2376 asae
947 2332 968 2377 s.

246 2423 290 2473 21.
309 2421 426 2487 ejciunt.
460 2420 504 2472 22.
523 2420 669 2486 aquaead.
703 2419 747 2473 23.
766 2419 838 2471 abent
856 2427 892 2474 ta.
926 2420 971 2473 24.
989 2423 1038 2488 qui
1053 2423 1140 2477 nita.

177 2602 257 2665 lctis
283 2602 318 2661 in
346 2600 428 2662 hanc
455 2618 523 2660 rem
550 2607 701 2681 concepta
720 2607 906 2679 parataque,
939 2600 1024 2679 q'uotl
1043 2603 1096 2663 vel
1116 2622 1158 2665 ex

177 2712 243 2774 sola
261 2708 445 2771 definitione
465 2706 675 2788 stipulationis
694 2707 875 2787 intelligere
894 2708 1093 2788 licet,·quae
1108 2721 1160 2774 est

179 2818 262 2899 apud
281 2817 385 2896 Pomp.
407 2816 440 2877 L.
462 2817 481 2877 5
502 2816 517 2894 ς
541 2815 568 2876 l.
589 2814 625 2876 D.
647 2816 684 2874 de
704 2815 787 2875 verb.
810 2816 889 2879 obl:
907 2816 980 2878 uide
1000 2817 1079 2880 Inst.
1095 2818 1159 2884 111.

180 2928 229 2988 16.
262 2927 289 2987 l.
321 2925 431 3004 ibique
459 2924 552 2985 Vinn.
575 2924 733 2986 Formulas
753 2925 991 3006 stipulationum
1012 2926 1161 2989 solennes

176 3053 324 3119 expresse
344 3034 473 3095 sustulit
491 3033 552 3094 Leo
572 3033 755 3114 Imperator.
797 3036 913 3096 Graece
933 3033 1078 3095 redditur
1098 3037 1160 3096 sti·

175 3130 297 3228 palatio
316 3143 491 3220 ἐπερώτησις,
517 3143 658 3222 quamvis
678 3143 924 3223 interrogatione
944 3152 977 3204 ct
997 3145 1156 3224 responsi·

178 3271 238 3314 one
256 3260 411 3314 constans.

215 3360 267 3421 Vs.
296 3361 346 3422 23.
378 3379 453 3418 acm
478 3359 513 3418 in
538 3358 838 3438 interrogationibus
858 3358 1011 3421 Plautinis
1031 3357 1099 3418 lere
1118 3378 1156 3420 a·

173 3464 315 3527 bundare
334 3464 478 3543 videtur3
501 3466 557 3527 sed
575 3466 619 3527 sic
640 3465 856 3546 interrogandi
875 3465 1036 3528 vocabulis
1056 3484 1149 3546 prae-

175 3573 303 3632 mittere
330 3573 424 3648 solet,
455 3592 552 3652 quum
580 3575 676 3654 vulgo
704 3575 738 3635 in
766 3573 837 3661 fine„
854 3572 1051 3636 annectitur:
1083 3591 1153 3634 sae-

175 3680 300 3764 pissime
320 3699 350 3741 v.
371 3702 399 3743 c.
420 3683 560 3744 videmus
576 3705 649 3744 oum
666 3684 742 3765 qaid
755 3702 813 3765 pro
823 3683 992 3762 quidnam:
1011 3681 1154 3742 hocloco

175 3800 280 3852 tamen
299 3787 467 3851 molestum·
483 3811 546 3852 non
566 3802 718 3867 estatem,
752 3791 779 3851 si
799 3790 939 3852 oratione
959 3798 1047 3850 recta
1065 3787 1150 3848 idem

178 3898 357 3959 efferamus:
398 3917 461 3957 coa
489 3901 590 3962 iratus
602 3903 675 3980 fui,
706 3921 779 3961 nom
799 3898 885 3959 nihil
903 3900 1001 3978 refert
1021 3897 1152 3957 temolo

178 4008 279 4070 dicere
298 4007 349 4067 illi
356 4024 367 4081 ,¹
398 4008 452 4086 qai
463 4009 567 4087 saciat
586 4011 749 4071 maledicta
770 4020 824 4071 tuo
843 4006 949 4074 nihili.
